2742 4660
303 325 340 376 Da
359 323 534 386 matrimonio,
552 329 677 391 quatenus
696 328 734 373 est
752 319 950 374 Sacramentum.
1158 296 1198 364 19

65 496 243 556 consensus,
273 481 336 544 dari
361 487 459 563 potest
469 478 496 556 1)
522 481 607 562 Juxta
630 485 789 560 utramque
812 480 1000 540 sententiam.
1045 473 1074 538 Si
1098 478 1197 536 autem

64 600 138 643 unus
166 600 206 643 ex
230 584 326 646 taliter
348 583 592 648 contrahentibus
623 588 669 644 est
689 580 858 644 haereticus
887 581 1068 660 baptizatus,
1101 576 1198 638 bene·-

64 685 169 762 dietio,
200 693 234 748 ut
254 686 331 748 inira
355 688 486 762 dicetur,
512 687 598 768 Juxta
621 692 778 766 utramque
801 688 978 748 sententiam
1008 701 1062 764 pro
1085 699 1198 744 recon-

63 789 218 850 ciliatione·
235 793 326 869 partis
349 789 512 852 catholicae
535 792 646 870 pariter
668 794 714 851 est
736 787 908 852 omittenda.

593 1003 621 1070 t.
646 995 674 1060 t.

278 1127 329 1187 De
348 1127 503 1202 subiecto
521 1127 739 1190 sacramenti
756 1125 979 1188 matrimonii.
1010 1163 1014 1172 -

149 1265 170 1329 l.
195 1264 367 1348 sabjectum
389 1265 572 1330 sacramenti
597 1269 779 1330 matrimonii
802 1272 847 1329 est
870 1269 968 1330 omnis
990 1263 1079 1326 bomo
1101 1263 1201 1342 bapti·
1268 1329 1271 1336 ‚

63 1375 147 1432 zatus
169 1369 305 1451 legitime
328 1368 365 1433 od
388 1372 609 1432 matrimonium
631 1369 754 1448 babilis,
781 1367 809 1432 b.
834 1386 861 1431 e.
885 1367 966 1430 nullo
988 1365 1201 1448 impedimento

63 1477 127 1560 sive
158 1473 301 1551 naturali,
333 1476 398 1534 sive
426 1472 527 1534 divino
557 1475 622 1534 sive
653 1472 858 1534 ecclesiastico
890 1470 1036 1534 laborans.
1062 1504 1101 1514 —
1126 1468 1201 1530 Dico

67 1573 111 1650 1⁰)
137 1574 345 1638 omnishomo
369 1576 552 1656 baptizatus3
575 1573 713 1636 homines
730 1579 809 1636 enim
833 1591 893 1636 non
914 1573 1053 1653 baptizati
1076 1587 1202 1652 capaces

63 1678 184 1758 quidem
207 1683 277 1740 sunt
299 1681 501 1754 matrimonii,
530 1695 591 1740 non
614 1683 713 1740 autem
737 1677 921 1740 sacramenti
943 1677 1140 1750 matrimonii,
1170 1679 1203 1736 ut

64 1788 154 1860 patet.
166 1777 205 1854 ²).
250 1777 299 1855 2⁰)
330 1780 411 1842 nullo
443 1781 658 1862 impedimento
687 1779 841 1856 laborans3
872 1779 943 1843 licet
974 1783 1054 1845 enim
1082 1797 1141 1858 per
1169 1795 1203 1838 se

64 1887 162 1946 ornnis
190 1880 280 1946 homo
308 1881 473 1964 baptizatus
502 1888 541 1946 sit
568 1884 737 1966 subjectum
767 1899 861 1962 capax
884 1881 1068 1946 sacramenti
1097 1883 1204 1942 matri-

63 1987 174 2059 monii,
200 2004 261 2066 per
279 1986 426 2048 accidens
456 1994 555 2050 mmen
577 1987 678 2068 plures
708 2005 724 2048 a
747 1989 936 2048 matrimonio
954 1983 1057 2046 'valide
1081 1989 1204 2046 contra-

65 2086 166 2148 hendo
190 2094 329 2150 arcentur
357 2095 478 2170 propter
505 2089 639 2154 diversas
669 2088 868 2152 inhabilitates
895 2107 951 2152 seu
979 2087 1202 2168 impedimenta.

64 2188 187 2270 (Gury.)

151 2293 187 2354 ll.
216 2292 254 2354 Ut
281 2293 419 2377 baptizati
452 2295 534 2356 licite
562 2298 725 2376 suscipiant
757 2293 980 2359 Sacramentum
1012 2297 1204 2370 matrimonii,

64 2400 191 2474 insuper
213 2397 388 2477 requiritur,
420 2402 452 2458 ut
480 2402 540 2462 sint
565 2401 596 2460 in
619 2403 697 2460 statu
724 2401 854 2481 gratiae,
885 2415 921 2458 ac
946 2395 1132 2460 sufficienter
1153 2401 1205 2459 in-

64 2503 171 2562 structi
195 2497 233 2559 de
256 2497 488 2582 obligationibus
511 2506 605 2564 status
628 2499 864 2562 matrimonialis.
874 2496 902 2574 ³)
934 2498 990 2572 cut
1012 2503 1105 2584 igitur
1128 2519 1205 2564 cen-

66 2600 189 2662 trabunt
222 2604 343 2680 peccato
377 2603 492 2666 mortali
527 2605 729 2684 coinquinati,
769 2605 980 2686 gravissimum
1013 2602 1204 2685 sacrilegium

66 2706 266 2778 committunt,
290 2707 357 2782 quia
381 2710 599 2770 matrimonium
622 2712 668 2770 est
688 2705 913 2769 Sacramentum
935 2710 1083 2782 vivorum,
1105 2722 1205 2786 neque

66 2810 191 2888 gratius,
210 2810 326 2886 sponsis
343 2811 529 2872 necessarias
543 2813 719 2890 percipiunt.
735 2807 783 2874 Sic
794 2806 876 2891 Gury
889 2813 919 2870 et
933 2808 983 2872 alii
997 2813 1205 2872 communiter.

156 2908 326 2984 Quaesitor

155 3011 317 3084 Quaeritur
348 3011 393 3088 1⁰)
426 3033 496 3076 num
524 3019 605 3078 inter
632 3017 796 3097 baptizatos
826 3019 1047 3079 matrimonium
1075 3015 1206 3078 validum

67 3117 136 3176 iniri
161 3101 257 3196 possit
279 3117 402 3180 excluso
425 3116 640 3181 Sacramenta?

159 3224 192 3299 tp.
216 3218 253 3280 Ut
276 3237 365 3298 supra
387 3223 550 3299 innuimus,
574 3221 616 3282 illi
635 3221 790 3305 Tbeolcgi,
815 3225 865 3300 qui
888 3221 998 3284 docent
1020 3222 1207 3286 sacerdotem

70 3337 140 3384 esse
164 3323 332 3382 ministrum
355 3321 442 3404 hujus
461 3321 652 3404 Sacramenti‚
677 3329 849 3388 necessario
872 3325 1036 3402 affirmant,
1059 3326 1113 3390 sed
1134 3325 1208 3388 bace

71 3426 224 3487 sententia
247 3430 314 3502 post
335 3425 566 3488 declarationem
589 3427 671 3492 aPic
685 3427 732 3492 tx.
757 3447 846 3510 supra
869 3430 992 3492 relatam
1015 3433 1067 3496 vix
1089 3430 1210 3512 longius

71 3515 239 3606 probabilis
263 3533 360 3608 potest
389 3533 500 3592 vocam.
544 3529 642 3592 Ceteri
671 3537 809 3596 auctores
846 3531 1030 3614 respondent
1058 3537 1209 3616 negative,

77 3683 285 3696 ΡΨ*-

102 3767 123 3833 ¹)
142 3766 180 3818 Ae
198 3763 346 3834 plerumque
367 3763 455 3830 debet,
479 3783 512 3818 ue
530 3768 635 3822 vilescat
658 3777 737 3822 status
759 3769 955 3822 matrimonialis
991 3767 1104 3836 intellige
1126 3775 1210 3822 tamen

144 3851 248 3906 breuem
265 3849 464 3904 benedictionem
484 3869 515 3905 ex
531 3853 637 3920 Rituali,
660 3871 709 3908 non
728 3857 866 3910 solemnem
884 3873 914 3908 ex
934 3854 1034 3908 llisaali.
1065 3853 1127 3908 Vide
1145 3853 1209 3905 inira

145 3942 169 4004 s.
188 3940 229 3990 72.
251 3945 275 3989 et
293 3939 317 4002 s.
338 3936 378 3988 te.
396 3953 421 3988 u.
441 3939 464 3990 3.
484 3939 526 3990 lin.

104 4023 126 4090 ²)
146 4021 217 4076 bont.
238 4020 294 4076 Cas.
313 4021 400 4074 XXVI.

106 4107 129 4175 ³)
146 4109 208 4162 Vide
226 4109 283 4162 inlr.
301 4111 327 4161 in
346 4117 377 4161 tr.
397 4111 420 4162 5.
439 4110 464 4175 s.
483 4109 525 4162 60.
