2764 4664
484 196 564 250 casm
583 198 787 250 antummum.
806 227 812 234 -
1138 183 1201 252 utu

150 357 227 432 Quid
250 360 289 420 sii
312 357 504 434 inexposita
527 373 597 418 nasu
620 353 886 435 respondendnm?

152 459 241 540 Resp.
274 455 473 535 „St·ribntur,
496 455 650 520 Oratorem
677 476 735 520 non
760 475 847 537 posse
878 459 955 520 atiud
981 464 1201 523 matrimonium

58 558 303 642 contraderem)
327 560 375 624 15.
399 559 464 624 Jun.
494 557 582 622 irat.

516 749 639 810 Castis
661 745 749 810 ttt'tt.

390 917 557 992 Ligomen
572 915 787 976 matrimonii
805 917 880 977 rat'n

153 1096 243 1156 Anno
280 1093 354 1154 tttt
388 1097 625 1170 matrimonium,
656 1100 777 1154 servato
805 1093 958 1155 Erroiestau
989 1102 1062 1160 ritu.
1093 1101 1201 1159 initum

62 1199 123 1258 suit
149 1205 227 1258 inter
251 1200 436 1258 Curititissam
461 1196 584 1259 Mariam
605 1196 753 1258 Jonnnam
778 1195 814 1256 de
839 1196 969 1258 Wiassin
999 1203 1031 1258 ot
1053 1198 1199 1261 Comitem

58 1302 214 1362 Jounnem
242 1299 405 1377 Joseptutm
446 1299 483 1359 de
515 1299 650 1363 Kaunitn.
704 1301 757 1362 Per
789 1299 965 1360 decennium
995 1299 1202 1364 nohabitnmni

60 1407 224 1484 conjuges.
270 1403 327 1463 Sed
352 1405 481 1480 tandem,
505 1409 661 1464 oresunnto
684 1406 852 1462 animorum
874 1401 1111 1481 abalienatione,
1144 1408 1201 1468 sub

60 1527 176 1568 antrum
205 1507 283 1568 trit
308 1512 337 1565 in
363 1507 390 1566 id
414 1512 649 1581 oottseusoruni,
677 1511 707 1564 ot
732 1510 786 1565 tori
811 1507 1201 1583 supranominatorum

61 1606 270 1672 iturenidodd
292 1613 518 1690 assignarentur
540 1613 632 1668 auiro
658 1626 709 1685 pru
733 1609 882 1669 alimentis
906 1614 1018 1684 natatio,
1042 1617 1072 1669 et
1086 1616 1202 1672 utrius-

60 1732 125 1793 que
150 1717 270 1774 nomino
293 1712 465 1790 suppliciter·
494 1717 645 1791 peteretur
673 1732 688 1771 a
713 1729 829 1773 summu
853 1710 995 1772 Puniitioe
1017 1713 1200 1793 dispensatio

61 1834 159 1896 super
182 1819 369 1877 tnatrtmonio
400 1821 463 1874 rato
491 1821 519 1873 et
549 1832 609 1875 non
640 1821 854 1877 consummato.
901 1814 1002 1894 ltaque
1035 1815 1202 1898 hujusmodi

64 1935 174 1997 procos
198 1917 313 1978 rtbiatae
339 1915 457 1977 sumunt
480 1915 508 1978 S.
533 1934 618 1978 tumn.
634 1915 868 1979 narratio-utini.
893 1921 942 1998 qui
957 1935 1058 1978 rurum
1076 1923 1202 1990 exornem

63 2023 136 2081 inuio
160 2041 182 2084 s.
208 2021 442 2102 congregationi
468 2024 615 2082 ratttunisit
640 2067 646 2078 .
671 2069 678 2082 .
705 2071 711 2082 .
758 2021 1008 2100 Atuitiepisunpus
1030 2021 1201 2104 ngensiS,

64 2126 122 2184 uno
147 2125 185 2184 do
208 2143 240 2184 re
251 2129 423 2186 instructam
439 2121 467 2182 S.
487 2120 636 2205 congreg.
663 2123 788 2184 reddere
797 2125 911 2204 jussor,
937 2123 1036 2198 tutent,
1062 2125 1200 2188 contendi

64 2248 81 2287 a
107 2233 281 2288 rnemomtis
304 2227 493 2307 conjuginm,
520 2231 568 2304 qni
593 2229 782 2303 amptissimis
807 2225 926 2286 inmittis
949 2229 1006 2285 orti
1030 2234 1108 2301 sunt,
1135 2247 1202 2290 mn-

65 2334 249 2390 trimuuinm
271 2329 363 2390 t'nisso
386 2333 570 2390 contiraotnm
602 2333 788 2410 repugnante
811 2333 938 2388 invinent
968 2333 1078 2390 acriter
1100 2325 1226 2412 genios
1267 2305 1273 2318 ’

65 2441 95 2492 et
115 2437 249 2515 urgento
274 2430 464 2493 reuerentiadi
489 2436 569 2491 rnatu
600 2448 671 2514 erga
696 2437 850 2510 parentes,
883 2435 1024 2511 ipsosque
1056 2433 1203 2514 eurtjuges

67 2545 189 2615 paratos
212 2553 280 2598 esse
302 2525 475 2614 interposita
494 2538 570 2614 juris
587 2533 709 2614 jurandi
742 2536 890 2616 reiigione
914 2533 950 2596 ad
978 2535 1202 2596 contristandam

54 2657 128 2708 ,non
152 2644 437 2700 consummationem
469 2641 656 2698 attatrimonii.
702 2637 828 2698 Uberius
850 2641 948 2698 autem
981 2636 1019 2697 de
1041 2639 1095 2714 iis,
1126 2656 1203 2717 quae

65 2743 103 2802 od
128 2742 379 2820 dispensationem
403 2739 617 2820 impetrandum
641 2741 780 2802 ooni'orre
804 2745 943 2818 possunt,
975 2743 1107 2818 ipsorum
1131 2758 1204 2823 ora-

66 2852 166 2906 torum
190 2850 298 2924 suripia
322 2844 479 2905 docebunt.
1010 2832 1016 2846 ¹

153 2949 244 3010 Porro
268 2949 345 3012 duae
369 2953 553 3029 potissimum
578 2951 646 3009 suni
662 2948 875 3026 inspectiones,
900 2943 1002 3018 ultera,
1027 2964 1102 3027 qnae
1128 2965 1201 3027 per-

68 3057 142 3112 tinet
165 3052 200 3112 ad
226 3053 430 3130 probationem
455 3069 514 3112 non
529 3053 725 3113 consummati
744 3053 934 3121 tnairimonii‚
957 3049 1100 3128 etaltera,
1126 3068 1203 3132 quau

67 3159 206 3217 versatur
228 3161 306 3218 citou
330 3175 449 3219 oausam
473 3153 683 3234 dispensandi,
715 3171 782 3214 oum
805 3170 843 3212 ex
873 3157 1024 3212 trorumuui
1048 3151 1203 3216 doctorum

65 3261 218 3318 sententia
241 3266 354 3320 cartam
378 3263 426 3334 sit,
455 3258 500 3319 ad·
514 3254 681 3336 hujusmodi
706 3253 958 3334 dispensationem
982 3256 1203 3318 eoncedendum

64 3360 176 3439 justam
201 3379 319 3423 oausam
344 3363 467 3440 requiri.
491 3358 616 3420 Onnissis
640 3357 858 3437 anitiquioribus
869 3357 1024 3438 exerptis,
1047 3365 1203 3422 recentio-

68 3481 238 3540 mucosus,
262 3469 292 3524 in
317 3463 422 3542 quibus
445 3479 536 3542 super
559 3464 746 3523 matrimonio
768 3466 833 3522 rato
857 3467 887 3520 et
912 3478 971 3520 aton
997 3468 1203 3526 oonsnnnnato

68 3565 270 3646 dispensatum
295 3569 431 3648 (praevia
462 3563 549 3644 hujus
572 3581 596 3626 s.
621 3561 649 3624 S.
674 3563 907 3642 consultatione)
931 3583 948 3626 u
971 3562 1114 3626 Pontifioe
1135 3565 1204 3649 dda-

67 3673 148 3736 ximo
172 3667 238 3744 i'uit,
261 3673 332 3730 sunt
354 3674 384 3730 in
406 3666 549 3728 Jannens.
573 3663 623 3730 20.
647 3666 720 3745 ttajr
743 3661 842 3742 tutti,
875 3671 905 3726 in
929 3666 1038 3728 Urbun.
1064 3665 1112 3730 ta.
1134 3668 1201 3730 Jau.

71 3769 161 3848 trau,
185 3777 215 3829 et
238 3773 267 3830 in
291 3769 409 3833 Chiuns.
437 3767 484 3832 12.
499 3768 584 3831 Mart.
612 3767 701 3832 1729.
747 3767 854 3832 (tonina
877 3775 976 3830 autem
995 3770 1084 3850 juxta
1106 3775 1203 3834 varias

71 3900 274 3908 ...ᾤ-Ἤν,

94 3972 115 4040 ¹)
134 3971 254 4023 Thasum.
274 3971 375 4024 resolui.
395 3979 453 4026 tom.
473 3971 496 4020 3.
515 3987 540 4042 p.
560 3973 583 4024 6.
