2764 4664
190 293 256 364 296
601 307 683 364 cuna
698 307 906 363 matrimoniaien

190 467 245 534 sed
267 467 343 531 dene
363 467 528 532 &domina-
555 483 596 528 ee
622 468 703 528 acite
723 465 909 542 judicares
930 479 986 548 per
1005 467 1132 532 iamiam
1155 473 1320 550 pinoteren

190 573 264 636 satis
284 575 390 634 eontra
421 575 534 652 patrem
557 567 664 632 Annae
696 573 835 649 anquam
858 585 943 631 ceum
973 569 1080 634 nefarii
1111 571 1256 649 sedens,
1281 575 1320 635 ιιι

191 679 225 738 nt
242 671 509 738 Eminenitssimns
531 667 707 735 ordinarius
728 675 760 732 in
783 671 1122 752 enunciationem,
1147 672 1229 756 qnod
1252 687 1322 735 eon-

190 777 308 844 eubitus
329 781 472 860 paternus
493 783 598 838 certam
620 776 953 856 casamassancia.

271 879 345 945 saia
361 895 436 962 ergo
454 875 615 942 dinanius
637 884 695 942 stat
715 882 749 940 ιιι
767 877 1004 959 probationibus,
1027 895 1095 942 cum
1115 877 1251 942 conditio
1272 893 1323 960 np-

123 1055 124 1061 1
189 987 286 1068 posita
317 986 349 1046 in
377 984 534 1046 contractu
561 981 772 1046 matrimoniali
798 981 899 1063 quoad
927 984 1131 1064 virginitatem
1161 981 1270 1044 Annae
1297 988 1324 1043 et

190 1083 372 1156 abstinentia
400 1102 418 1147 a
446 1083 570 1165 capum,
598 1099 679 1165 quae
706 1083 802 1148 fnisse
829 1083 940 1147 dicitnr
963 1087 997 1144 in
1018 1081 1102 1146 hisce
1131 1083 1322 1166 conjugibus,

189 1201 298 1253 enrnrn
320 1186 525 1249 tantummodo
547 1185 636 1251 dietis
655 1191 818 1262 innitatur,
840 1183 921 1266 qnod
943 1201 1005 1250 non
1025 1184 1147 1248 videtur
1168 1203 1238 1250 esse
1259 1185 1325 1248 sni

188 1287 311 1366 notens,
329 1283 416 1371 taxa
438 1287 628 1354 Decretalem
645 1287 812 1353 coelestini
835 1287 1023 1370 iiiiacap.
1049 1287 1325 1370 superenituit

188 1407 245 1476 eo,
268 1393 320 1474 nui
342 1395 494 1476 cognouit.

274 1489 329 1559 itis
341 1493 502 1574 stantibus,
522 1493 725 1582 dignabuntur
738 1489 797 1559 ΕΕ.
810 1491 871 1558 W
883 1491 1049 1558 decernere
1067 1493 1138 1570 „An
1156 1497 1278 1557 constet
1292 1493 1326 1556 de

186 1595 327 1667 nniittnte
346 1601 529 1663 matrimonii
542 1601 574 1661 in
592 1614 664 1661 casu
679 1597 760 1660 eta.“
780 1595 868 1678 Resp.
888 1593 1068 1686 „Negativa
1086 1601 1116 1660 et
1129 1595 1326 1678 ampiim.'‘³i

648 1767 765 1835 Casus
786 1767 862 1834 viii

413 1891 530 1956 neor.
548 1919 584 1938 «-
599 1891 728 1956 metm.
752 1891 929 1967 mnemon.
953 1890 1103 1956 &imen-

275 2019 419 2109 dapnes
440 2023 552 2108 appulit
574 2043 654 2088 anno
678 2021 760 2088 1737
779 2021 904 2087 Cosmus
921 2019 1021 2107 Parigi
1039 2017 1243 2101 Florentinus,
1267 2025 1328 2102 uiti,

189 2131 295 2212 captus
323 2144 425 2192 amore
451 2127 570 2212 puellae
595 2122 793 2212 Magdalenao
820 2121 933 2201 Graiis,
966 2143 1019 2207 spe
1051 2129 1232 2190 matrimonii
1263 2145 1328 2191 eam

189 2235 384 2314 compressit3
418 2235 505 2293 utero
539 2237 769 2314 gravescentem
805 2235 1016 2312 cognoverunt
1048 2233 1269 2314 consanguinei
1302 2235 1330 2294 ot

190 2321 330 2398 Cosmum
352 2331 390 2396 ad
412 2331 561 2416 sponsalia
584 2349 653 2395 oum
674 2331 772 2420 puelia
795 2331 998 2397 contrahenda
1020 2331 1196 2418 adegerunt.
1237 2331 1327 2399 Uxo-

188 2451 254 2504 rem
275 2435 445 2502 Florentiae
473 2433 637 2517 reliquerat
660 2436 800 2512 Cosmus,
831 2433 885 2497 sed
914 2439 946 2497 ut
974 2437 1070 2498 minas
1097 2441 1128 2497 et
1156 2439 1218 2498 vim
1250 2453 1328 2500 onn-

189 2543 425 2626 sanguineorum
447 2541 570 2602 vitiatae
591 2539 709 2622 puellae
731 2537 862 2622 sugeret,
885 2535 935 2598 die
956 2535 1006 2600 22.
1021 2533 1093 2602 Julii
1117 2537 1224 2601 eodem
1249 2555 1328 2603 anno

188 2641 341 2724 sponsaiia
369 2645 530 2704 contraxit.
573 2639 644 2706 Posi
666 2646 818 2706 contracta
847 2637 998 2722 sponsalia
1020 2657 1038 2702 a
1059 2637 1170 2702 Cosmo
1196 2639 1328 2704 decessit

188 2743 358 2810 Florentiae
381 2743 446 2824 ojus
468 2761 556 2820 uxor,
578 2747 628 2825 qui
652 2749 770 2819 tamen,
797 2749 957 2824 antequam
979 2741 1017 2805 de
1040 2751 1138 2808 morte
1160 2747 1268 2806 uxoris
1291 2743 1327 2806 ot

183 2841 395 2937 longissimam
415 2841 552 2910 incorum
575 2846 747 2909 distantiam
770 2849 854 2910 certo
877 2844 943 2909 fieri
966 2854 1086 2930 posset,
1117 2863 1208 2930 quum
1228 2861 1328 2932 urge-

188 2956 273 3014 retur
294 2967 312 3014 a
333 2953 567 3034 consanguineis
585 2947 791 3032 tragonariae,
812 2947 918 3012 iaisam
940 2953 1035 3012 status
1057 2953 1104 3012 sui
1128 2949 1215 3012 tiberi
1237 2954 1330 3012 testi-

186 3048 363 3116 ‘ficationem
396 3049 490 3114 edidit
516 3068 618 3114 coram
643 3049 762 3114 vicario
784 3047 979 3134 Apostolico,
1006 3054 1042 3114 et
1064 3051 1113 3114 die
1142 3049 1193 3115 31.
1217 3055 1331 3114 mensis

187 3149 322 3240 Augusti
346 3151 452 3216 eodem
474 3169 553 3216 anno
577 3155 798 3218 matrimonium
822 3153 1008 3218 solemnibus
1029 3153 1130 3217 verinis
1153 3172 1222 3216 cum
1240 3153 1332 3240 diag-

190 3251 297 3320 daIena
318 3259 475 3318 contraxit.
520 3255 579 3320 Sed
602 3273 693 3338 quum
722 3256 778 3320 sibi
808 3262 976 3332 consciret,
1007 3274 1136 3320 uxorem
1158 3255 1332 3322 Florentiae

184 3353 309 3436 habore,
332 3361 434 3424 statuit
451 3355 588 3438 pellicem
606 3357 758 3438 deserere,
782 3364 813 3421 et
830 3364 1028 3441 opportunam
1048 3359 1178 3442 aliquam
1199 3375 1333 3442 exspec-

184 3461 271 3526 tabat
292 3465 492 3540 ocoasionem,
518 3479 575 3544 qua
598 3467 784 3545 propositum
806 3460 864 3524 hoe
886 3462 1032 3544 perficere
1055 3469 1167 3545 posset.
1196 3461 1333 3527 Simula-

188 3568 232 3633 ait
253 3568 362 3650 igitur,
381 3582 518 3634 ,necesso
540 3583 610 3629 essu
632 3570 665 3629 ut
687 3566 863 3646 Byzantium
885 3571 1045 3650 pergeret,
1075 3565 1129 3630 sed
1151 3581 1282 3629 necesse
1306 3571 1334 3630 ei

189 3679 396 3698 OE—n—n—-n

216 3735 242 3804 ⁶)
259 3731 379 3790 Τιιιιιιιιι.
398 3735 472 3788 rasni
486 3735 515 3789 0.
532 3731 561 3789 G.
581 3733 610 3789 (i.
629 3734 769 3789 savarum
787 3743 847 3788 tom.
864 3735 886 3790 1.
904 3734 964 3789 200.
982 3741 1009 3788 et
1023 3736 1085 3790 ato
1106 3751 1178 3790 nens.
1197 3735 1240 3791 it.
1258 3734 1334 3790 Fene.

261 3820 337 3876 1720.
355 3818 429 3874 Unde
446 3831 530 3889 patet,
548 3837 656 3890 sponsae
675 3825 867 3892 praegnantium
883 3836 936 3876 non
953 3820 1077 3874 inducero
1095 3838 1207 3876 errorem
1226 3824 1253 3874 in
1271 3838 1335 3890 per-

258 3920 346 3960 ronam
364 3906 562 3969 redundantem,
585 3909 633 3960 nisi
652 3909 708 3976 quis
732 3923 850 3976 expresse
875 3914 1041 3975 protestetur,
1067 3921 1095 3958 se
1113 3906 1160 3960 sub
1183 3907 1333 3960 conditione

257 3993 350 4062 uirgini
345 3993 409 4044 itatis
427 4007 538 4060 sponsae
556 3991 714 4056 contrahere
733 4009 763 4078 ιιι
774 3989 931 4062 judicialiter
943 3991 1051 4062 probare
1068 3994 1162 4065 possit..
1180 3991 1250 4044 hanc
1270 4008 1333 4044 con·

186 4085 202 4096 ’·
260 4073 504 4130 encaeniarum.
553 4089 559 4102 ·
589 4091 594 4100 ·
631 4079 655 4100 ·”
822 4093 826 4100 ·
