2746 4646
187 173 248 243 110
425 191 464 248 lin
479 189 665 260 minentis
682 192 871 256 matrimonium
889 190 1073 246 dirimentibus.
1165 185 1171 192 “

184 353 241 414 uisi
264 349 414 414 uinculum
441 349 514 418 illud
543 367 603 430 quo
633 347 681 426 lit,
714 354 747 410 ut
770 348 914 412 alteruter
945 350 1108 434 conjugum
1131 349 1245 412 debeat
1276 353 1321 410 aut

183 456 301 521 etelelts
323 459 425 516 viuere
456 459 507 515 aut
534 453 619 516 alteri
650 457 724 534 parti
746 453 956 532 reconciliari,
990 453 1027 516 de
1056 472 1116 534 quo
1140 453 1234 534 paule
1259 459 1323 514 unte

183 558 299 622 locutus
348 557 462 634 lucrat,
510 575 578 618 oum
617 562 721 638 ageret
753 556 790 618 de
827 557 969 640 conjugio
1003 555 1134 618 fidelium
1182 557 1324 639 quodque

112 659 114 662 ’
182 660 307 728 iuferius
328 679 355 724 e.
377 657 430 727 39.
451 661 582 739 liyumen
596 665 691 736 vocat,
717 659 842 740 ejusque
857 660 1036 722 solutionem
1053 661 1323 736 ,‚liberationem“.

182 763 255 826 Cum
278 768 371 848 igitur
393 763 461 826 huie
488 766 624 826 servituti
657 767 778 825 minime
807 763 969 828 obnoxium
1001 781 1069 824 esse
1099 762 1222 824 fidelem
1248 782 1323 826 cen-

178 868 283 950 J'ugem
306 866 413 930 doceat
432 866 613 946 Apostolus
643 884 832 948 consequens
856 873 902 939 est
926 884 979 946 per
1001 866 1130 928 infidelis
1154 867 1323 930 discessio-

181 989 249 1043 nem
282 971 446 1042 libertatem
480 969 545 1034 fieri
578 969 657 1036 fideli
689 970 776 1049 plane
807 967 990 1050 dissolvendi
1032 975 1261 1032 matrimonium
1294 975 1322 1030 in

181 1073 356 1142 infidelitate
378 1079 571 1137 contractum.
602 1107 645 1118 -—
676 1073 828 1154 Quotquot
850 1091 888 1134 ex
911 1071 1046 1135 Patribus
1070 1077 1163 1154 citata¹
1182 1065 1321 1152 Apostoli

182 1177 276 1244 uerba
299 1177 475 1257 explanant,
510 1193 545 1240 ea
568 1176 606 1239 de
628 1179 760 1257 perlecta
783 1177 980 1240 dissolutione
1011 1177 1199 1260 intelligunt,
1232 1195 1323 1256 prae-

182 1286 270 1362 cipue
302 1287 401 1342 tamen
431 1278 571 1344 landetur
600 1279 674 1342 haec
697 1282 832 1342 doctrina
859 1284 891 1340 in
922 1297 1112 1340 cernuntirum
1145 1280 1320 1360 pontificum

181 1384 310 1448 decretis
332 1390 364 1449 ct
393 1388 539 1446 constanti
561 1382 714 1462 Ecclesiae
738 1387 831 1462 praxi.
866 1383 990 1446 Celebre
1014 1389 1060 1446 est
1084 1383 1252 1444 iunocentii
1278 1382 1322 1442 lll.

182 1487 344 1552 doctissimi
368 1487 517 1548 Pontificis
540 1486 704 1564 decretum,
728 1487 807 1566 quod
831 1493 928 1550 exstet
951 1491 981 1546 in
1006 1505 1071 1566 cap.
1098 1488 1116 1548 7
1141 1485 1261 1558 Quanto
1286 1486 1321 1545 de

186 1590 284 1659 divort
307 1589 342 1653 X.
367 1590 415 1652 lib.
439 1583 468 1652 d.
493 1594 536 1652 tit.
566 1589 611 1654 te.
635 1596 665 1653 et
687 1607 751 1668 cap.
776 1591 951 1652 Gaudemus
976 1590 1005 1654 8.
1032 1595 1081 1650 cit.
1106 1589 1124 1648 Ι.
1136 1585 1161 1666 1)

268 1693 426 1768 Quaerite.

269 1792 502 1872 Quaererem)
527 1815 595 1858 num
619 1795 1055 1858 indissolubiliusmatrunonn'
1079 1793 1201 1857 fundata
1227 1799 1267 1856 sit
1290 1799 1320 1854 in

176 1900 246 1980 jure
269 1899 406 1977 naturali,
429 1918 468 1962 an
491 1903 520 1960 in
544 1899 612 1982 lege
635 1902 761 1978 positive
784 1898 911 1960 divina?

233 2007 234 2011 ’
270 2010 302 2083 ii.
325 2003 478 2066 Sententia
508 2005 694 2067 communier
720 2005 763 2065 sic
793 2001 894 2064 decet:
919 2001 1164 2080 „Matrimonium
1190 2020 1251 2062 nen
1275 2008 1320 2062 est
1364 2031 1365 2112 ι

180 2111 220 2171 ita
243 2105 467 2183 indissolubile,
496 2109 528 2166 ut
552 2106 617 2185 ejus
639 2105 748 2168 solutio
771 2109 891 2184 proprie
919 2111 1069 2186 repugnet
1087 2105 1149 2186 juri
1173 2103 1321 2177 naturali3

181 2213 382 2292 nequeenim
406 2209 464 2270 ulla
487 2212 562 2268 ratio
586 2206 725 2286 elicitur,
757 2226 811 2268 cur
835 2225 894 2268 non
921 2211 1013 2292 letiam
1038 2212 1217 2269 matrimonii
1245 2226 1320 2269 eon-

182 2317 309 2391 tractus,
329 2312 398 2392 jure
421 2311 546 2374 naturali
570 2314 703 2392 praecise
726 2316 877 2390 spectato,
901 2328 954 2390 per
977 2316 1111 2374 mutuum
1137 2329 1320 2391 consensum

179 2415 301 2482 dissolvi
325 2418 436 2494 possit,
465 2418 542 2476 sieut
564 2414 640 2476 elius
663 2419 849 2491 contractus,
886 2418 942 2476 nisi
966 2414 1044 2492 qued
1070 2414 1136 2476 talis
1160 2414 1320 2478 dissolutio

179 2521 318 2600 primario
341 2517 391 2579 lini
417 2521 610 2594 matrimonii,
641 2535 718 2598 quae
747 2522 793 2577 est
815 2517 906 2596 prelis
929 2520 1085 2600 generatio
1115 2523 1145 2576 et
1168 2517 1319 2595 educatis,

179 2639 354 2706 repugnare¹
372 2619 516 2687 videatur.
561 2619 672 2682 Verum
696 2618 751 2682 liae
774 2624 889 2682 ratione
913 2638 971 2682 non
996 2619 1179 2697 ostenditur,
1209 2627 1321 2682 matri-

180 2730 272 2788 monii
295 2723 477 2786 solutionem
503 2739 557 2806 per
579 2741 612 2784 se
635 2729 666 2784 et
693 2727 856 2785 intrinsece
887 2725 992 2785 malam
1016 2740 1101 2800 esse,
1132 2723 1185 2784 sed
1220 2726 1319 2787 selum

178 2834 291 2892 ratione
320 2827 466 2910 adjuncti,
498 2827 577 2908 qued
609 2829 783 2908 saepissime
812 2826 917 2888 abesse
947 2832 1060 2906 potest,
1100 2833 1132 2888 ut
1160 2832 1185 2889 si
1216 2829 1319 2908 proles

247 3046 298 3080 nou
322 3031 435 3084 infimum
459 3032 542 3084 lecum
565 3040 634 3084 tenet
658 3031 699 3082 Dr.
722 3029 844 3082 Bintcrim
870 3032 1020 3092 nouissime,
1044 3032 1086 3100 qui
1112 3031 1171 3080 satis
1195 3031 1321 3098 prolixum

247 3114 322 3166 edidit
347 3115 545 3170 dissertationem
574 3135 619 3188 pro
642 3116 861 3170 indisselrrlrilitete
886 3115 1028 3181 hujusmodi
1053 3103 1244 3184 conjugiorum}
1276 3118 1320 3168 scd

246 3218 302 3254 cum
330 3202 410 3254 eidem
437 3209 530 3256 auctori
557 3205 700 3256 doctissime
724 3205 862 3254 innotuerit
889 3220 933 3266 per
961 3204 1055 3253 litteras
1079 3220 1093 3253 a
1117 3203 1145 3254 R.
1171 3203 1200 3254 l).
1228 3201 1320 3255 Carole

248 3289 394 3342 Vizuardclli
417 3306 431 3340 a
455 3294 557 3342 seeretis
581 3307 626 3363 pre
649 3277 735 3341 litteris
760 3291 843 3340 latinis
862 3290 904 3341 SS.
924 3289 996 3355 Greg.
1017 3287 1081 3340 xvi.
1100 3289 1125 3340 P.
1145 3292 1168 3341 6.
1189 3289 1245 3342 tint.
1270 3300 1320 3342 oct.

247 3376 311 3430 1832
326 3391 451 3430 summurn
469 3377 496 3429 P.
514 3395 589 3448 aegre
607 3377 696 3428 tulisse
714 3376 769 3442 ejus
787 3378 935 3428 sententiam
961 3375 993 3426 de
1016 3374 1235 3428 indissolubilitato
1254 3393 1320 3427 con-

243 3460 308 3530 jugii
328 3461 426 3514 lidclem
446 3466 511 3519 inter
528 3473 552 3516 et
571 3463 698 3516 inlidelem
718 3466 742 3514 in
762 3462 809 3514 hec
828 3477 899 3526 casu,
917 3465 999 3512 statim
1018 3477 1045 3512 se
1064 3464 1159 3530 recepit
1179 3460 1318 3512 cohumil-

242 3549 302 3600 lime
321 3548 433 3614 subjecit.
453 3578 486 3587 -
503 3550 640 3602 Binterr'tn.
669 3549 830 3603 Monumenta
848 3547 945 3600 Euclea.
964 3555 981 3598 t.
1001 3550 1024 3599 7.
1044 3565 1068 3614 p.
1088 3549 1111 3598 2.

202 3634 224 3701 ¹)
243 3634 314 3688 Hauc
332 3651 394 3688 vere
419 3636 558 3688 doctrinam
584 3638 608 3686 in
628 3639 725 3704 praxim
751 3634 885 3686 deductam
910 3635 988 3688 suisae
1012 3636 1036 3686 itt
1061 3636 1184 3684 universa
1204 3631 1320 3684 Ecclesia

243 3720 377 3774 luculentis
401 3723 520 3790 exemplis
545 3724 669 3774 evincitur
692 3720 861 3775 chnedicte
879 3721 942 3772 XIV.
969 3719 1008 3772 lib.
1035 3723 1058 3772 6.
1084 3719 1116 3769 de
1136 3717 1231 3785 Synod.
1251 3737 1273 3772 e.
1295 3722 1319 3771 t.

243 3825 268 3862 u.
286 3811 310 3862 2.
335 3809 378 3865 nt.
398 3809 438 3860 13.
456 3827 478 3862 c.
502 3809 558 3874 31..
581 3811 623 3880 qui
648 3808 733 3878 plures
758 3825 831 3862 casus
857 3814 973 3858 recenset
997 3821 1116 3858 excussos
1141 3814 1166 3856 et
1191 3806 1319 3857 resolutos

243 3899 380 3948 erummis
398 3895 423 3948 Ρ.
441 3895 465 3948 S.
483 3895 527 3946 Pio
546 3896 582 3958 V,
603 3894 699 3966 Grcger
717 3895 782 3948 Xlll.
801 3903 826 3946 et
845 3893 920 3944 Paulo
936 3893 979 3958 v.;
1003 3891 1091 3961 quibus
1110 3891 1187 3956 adjici
1211 3900 1319 3960 possunt

247 3997 369 4051 responsa
387 3999 402 4034 a
420 3981 444 4035 S.
463 3997 580 4054 congreg.
598 3983 628 4037 C.
645 3983 672 4038 Τ.
690 3984 791 4060 saepius
810 3981 875 4033 data.
892 4009 928 4022 ,...
945 3979 1058 4036 Peraeae
1076 3975 1093 4032 l.
1111 3996 1134 4030 c.
