2742 4660
316 266 354 318 De
372 267 548 331 matrimonio,
565 279 691 338 quatenus
710 279 748 321 est
764 229 963 322 Sacramentum.
1171 253 1209 318 17
1267 328 1272 334 .

161 425 342 500 Quaeritur,
365 443 435 486 num
459 423 682 488 Sacramentum
708 430 885 490 matrimonii
909 443 964 508 per
985 429 1209 506 procuratorem

72 528 109 590 ad
133 527 190 588 hoc
212 527 382 606 specialiter
404 526 577 606 deputatum
599 529 695 592 valide
718 533 830 608 suscipi
853 528 967 608 possit?

161 637 194 711 th.
218 630 338 692 Certum
352 636 420 708 est,
447 635 681 711 matrimonium,
713 637 861 712 quatenus
883 637 929 692 est
952 637 1131 710 contractus,
1155 651 1210 712 per

74 739 308 814 procuratorem,
332 738 364 792 ut
386 733 461 794 alius
484 740 664 811 contractus,
690 739 758 796 iniri
782 752 879 814 posse.
915 733 1007 816 Atqui
1028 735 1210 798 Sacramen-

73 844 136 898 tum
159 838 349 912 matrimonii,
375 841 406 896 ut
428 839 480 896 vix
502 835 637 898 dubitare
660 837 743 915 licet,
776 841 893 918 ponitus
916 842 1052 918 sequitur
1075 843 1209 900 naturam

71 945 258 1015 contractus,
290 943 510 1016 consequenter
539 942 628 1000 etiam
651 938 875 1004 Sacramentum
905 945 997 1020 recipi
1029 946 1126 1020 potest
1156 959 1210 1021 per

72 1047 306 1122 procuratorem.
332 1041 407 1104 Huic
426 1045 594 1102 sententiae
617 1041 697 1104 lavet
720 1046 819 1121 praxis
836 1043 999 1121 Ecclesiae,
1023 1061 1101 1124 quae
1119 1057 1209 1124 saepe

71 1147 151 1210 hunc
180 1146 301 1210 molum
326 1148 545 1208 matrimonium
568 1143 712 1222 ineundi,
742 1149 917 1224 praesertim
940 1150 1019 1207 inter
1041 1146 1210 1210 Nobiliores

71 1249 210 1322 admittit,
235 1247 315 1328 quod
332 1251 358 1308 si
371 1247 592 1308 Sacramentum
610 1244 667 1308 hoc
685 1246 773 1310 modo
790 1246 995 1325 frustraretur,
1016 1249 1100 1314 nefas
1118 1257 1209 1314 esset.

72 1353 156 1414 ldem
172 1349 331 1412 (licendum
355 1365 423 1412 esse
439 1349 557 1416 videtur
580 1348 617 1410 de
633 1353 821 1412 matrimonio
844 1369 898 1430 per
921 1351 1035 1414 litteras
1055 1357 1209 1418 contracti.

625 1570 630 1582 .
655 1517 685 1581 b.

287 1627 338 1686 De
357 1625 517 1684 ministro
537 1525 753 1685 saelementi
771 1625 992 1686 matrimonii.

162 1764 183 1826 l.
207 1766 327 1828 Certum
345 1771 401 1843 est,
428 1763 460 1838 l>
475 1768 661 1830 matrimonia
684 1768 750 1826 stne
767 1764 922 1830 sacerdote
944 1769 1018 1828 inita
1033 1769 1104 1828 ante
1119 1766 1210 1830 Cone.

72 1867 155 1930 Trid.
172 1867 266 1930 tuisse
282 1867 390 1944 valida,
414 1866 520 1932 eodem
535 1868 670 1932 Concilio
693 1865 862 1930 declarante
876 1883 950 1930 sess.
968 1863 1019 1928 ot.
1036 1867 1073 1928 de
1089 1867 1209 1934 reforio.

74 1975 162 2030 matr.
185 1989 211 2030 c.
235 1973 254 2028 i.
278 1969 334 2030 sub
356 1969 557 2046 anathemate,
586 1970 636 2032 illa
659 1968 752 2030 luisse
774 1986 850 2030 ocra
872 1987 910 2032 ec
931 1975 1012 2034 roto.
1045 1969 1080 2044 2)
1104 1974 1213 2049 pariter

71 2077 189 2132 eertum
205 2076 259 2147 est,
285 2076 473 2134 matrimonia
492 2072 590 2134 taliter
603 2074 676 2132 inita
693 2069 789 2130 adhue
813 2086 881 2132 esse
895 2071 1002 2150 valida,
1027 2073 1075 2136 ubi
1093 2074 1212 2136 Decret.

72 2173 165 2236 Cone.
181 2173 314 2236 Trident.
338 2173 376 2236 de
399 2174 638 2238 clandestinitate
661 2171 814 2251 hucusque
838 2178 960 2236 nonest
980 2177 1211 2259 promulgatum,

73 2295 194 2356 usuque
217 2282 379 2356 receptum.
410 2275 444 2351 3)
468 2281 582 2338 certum
606 2281 670 2352 est,
698 2274 863 2341 Ecclesiam
886 2293 1004 2356 semper
1027 2278 1211 2345 clandestina

71 2383 262 2442 matrimonia
286 2379 481 2458 prohibuisse,
506 2379 586 2442 unde
604 2377 719 2454 hdeles,
743 2381 792 2454 qui
810 2376 865 2443 hoc
889 2379 976 2442 morlo
990 2385 1210 2446 matrimonium

71 2485 199 2557 ineant,
228 2485 361 2564 graviter
389 2488 529 2561 peccant,
559 2485 648 2542 etiam
679 2484 710 2540 in
740 2478 828 2556 locis,
863 2481 913 2561 ubi
937 2480 1097 2546 Decretum
1121 2485 1211 2548 Cone.

74 2583 155 2644 Trid.
179 2601 239 2646 noo
262 2587 355 2666 viget,
380 2589 436 2648 nisi
461 2585 537 2646 forte
559 2603 598 2646 en
620 2586 709 2644 nimia
733 2581 907 2644 difficultate
930 2602 1030 2648 coram
1053 2585 1210 2648 sacerdote

72 2685 270 2748 contrahendi
301 2693 491 2774 excusentur.
535 2686 569 2761 4)
593 2683 713 2748 Certum
737 2689 800 2762 est,
833 2689 862 2746 in
887 2687 977 2764 locis,
1009 2688 1057 2748 ubi
1080 2689 1213 2768 impedi-

72 2796 211 2852 mentum
243 2789 489 2852 clandestioitatis
515 2793 612 2871 viget,
647 2791 845 2866 praesentiam
872 2789 1005 2868 parochi
1033 2795 1143 2870 requiri
1173 2792 1211 2854 ad

73 2893 210 2956 valorem
234 2895 423 2969 matrimonii,
448 2892 538 2954 simul
559 2910 627 2954 cum
650 2889 766 2952 duobus
790 2892 933 2969 testibus,
968 2896 1090 2956 minime
1113 2901 1211 2956 autem

72 2995 218 3058 euincere
242 2998 438 3073 praesentiam
462 2995 554 3058 solius
577 2993 696 3074 parochi
725 2996 791 3054 siue
815 2993 956 3072 testibus,
987 3013 1087 3078 neque
1109 3014 1214 3060 saeer-

74 3096 155 3160 dotis
178 3097 323 3175 simplicis
345 3115 405 3160 non
427 3096 560 3179 delegati
582 3114 598 3158 a
621 3095 750 3176 parocho
773 3095 821 3159 vel
843 3094 1001 3176 Episcopo.

164 3197 202 3258 ll.
226 3198 480 3272 controvertitur,
511 3217 580 3260 ιιιιιιι
604 3199 662 3260 olla
694 3201 882 3262 curatrimonia
905 3199 1106 3276 clandestina,
1138 3220 1214 3282 quac

75 3299 176 3362 aalide
203 3303 277 3362 inita
307 3301 427 3365 tuerent
455 3307 525 3364 aute
555 3299 802 3365 Concludam.
830 3307 861 3362 et
888 3301 984 3367 atlboc
1013 3307 1154 3366 ineuntur
1182 3307 1214 3366 in

76 3403 168 3478 locis,
200 3403 249 3466 ubi
273 3403 344 3466 illud
367 3405 529 3466 Decretum
560 3422 620 3468 uon
642 3409 689 3466 est
711 3409 883 3484 receptum,
916 3408 976 3468 sint
998 3424 1088 3470 sensu
1111 3411 1214 3470 stricto

76 3499 287 3580 sacramenta,
318 3524 422 3568 necne.
453 3490 512 3566 xllli
536 3510 627 3580 enim,
650 3509 699 3586 qui
723 3510 825 3567 tenent
849 3505 1039 3570 Sacerdotem
1064 3526 1131 3570 esse
1154 3511 1215 3568 mi-

80 3613 210 3672 nistrum
231 3607 319 3688 hujus
341 3608 542 3682 Sacramenti,
564 3613 783 3688 consequenter
806 3606 932 3684 docent,
954 3609 1003 3672 illa
1027 3613 1215 3672 matrimonia

79 3729 152 3772 esse
181 3728 283 3773 meros
309 3716 480 3774 contractus
509 3710 673 3784 naturales,
706 3715 859 3789 separatos
886 3731 902 3772 a
931 3711 1135 3785 Sacrament03
1167 3712 1215 3772 alii

81 3819 194 3890 autem,
220 3813 391 3894 etquidem
414 3817 494 3874 tanta
516 3812 732 3892 probabilitate,
755 3817 788 3873 ut
810 3813 838 3875 S.
862 3813 1020 3894 lignarius
1043 3830 1103 3875 non
1126 3811 1217 3875 dubi-

80 3923 124 3976 tet
146 3915 264 3979 illorum
288 3918 464 3978 sententiam
490 3933 598 3978 vocare
621 3913 774 3976 moraliter
796 3921 924 3990 certam,
954 3913 1005 3976 illa
1030 3919 1216 3977 matrimonia

80 4037 155 4082 vera
178 4037 247 4083 esse
270 4018 477 4098 Sacramenta,
506 4038 541 4082 ac
564 4015 687 4102 proinde
710 4015 920 4080 contrahentes
944 4017 1125 4082 Sacramenti
1150 4035 1217 4080 esse

124 4138 157 4179 De
169 4135 323 4179 matrimonio.
990 4119 1011 4183 2
