2746 4646
287 243 322 294 De
341 242 529 312 impedimentis
548 245 735 296 matrimonium
753 242 938 300 didmantibur.
1126 225 1184 292 121

39 421 162 484 quoque
184 414 364 482 responsum
388 408 566 482 expectare,
591 407 694 481 utpote
716 401 753 464 ad
777 421 867 484 quern
889 405 1018 482 pertinet
1040 405 1072 474 in
1095 399 1185 464 dubio

34 505 194 586 judicare,
209 523 248 567 an
270 504 347 566 adsit
369 502 525 568 sufficiens
548 504 696 568 certitudo
719 503 756 566 de
782 509 878 566 morte
900 505 1057 588 conjugis,
1081 520 1185 566 neone.

39 606 155 680 Quodsi
176 611 241 687 ipse
265 609 353 668 etiam
376 605 549 670 Ordinarlus
572 607 685 670 dubitat
706 607 743 670 da
766 606 945 669 certitudine
969 605 1085 683 morali,
1110 609 1181 686 quia

39 710 232 789 probationes
254 727 314 772 non
337 707 413 770 adeo
436 727 531 792 usque
554 709 706 791 perfectae
729 709 901 786 videantur,
927 714 1024 790 potest
1047 713 1078 768 ei
1100 707 1179 770 solet

41 813 167 896 conjugi
191 811 310 874 deferre
327 813 544 892 juramentum,
567 813 647 894 quod
673 833 734 877 non
755 815 850 891 sciat,
883 831 939 874 nec
962 811 1083 889 credat,
1107 829 1186 874 cou-

35 917 145 1000 jugem
169 931 237 977 esse
259 915 386 994 amplius
397 920 428 977 in
438 914 552 992 vivis¹).

130 1014 373 1094 (laceratam).
407 1017 563 1092 Quomodo
581 1023 620 1082 sit
641 1018 810 1102 agendum,
833 1022 858 1082 si
883 1019 1104 1080 matrimonium
1123 1017 1186 1098 J'am

41 1120 137 1183 luerit
160 1124 266 1194 initum
290 1123 356 1182 sine
387 1123 488 1185 morali
518 1121 699 1184 certitudine
722 1121 760 1182 de
783 1121 865 1184 obitu
888 1123 998 1200 prioris
1020 1117 1187 1202 conjugis?

130 1233 164 1304 lp.
186 1223 347 1308 Agendum
371 1230 427 1302 est,
454 1226 540 1306 juxta
569 1223 648 1286 dicta
678 1229 710 1286 in
733 1224 754 1286 Ι.
779 1228 862 1285 tract.
893 1221 930 1284 de
959 1222 1184 1302 impedimentis

40 1323 185 1402 dubiis²).

131 1429 303 1505 Quaeritur
331 1425 388 1504 9⁰).
433 1426 509 1502 Quid
545 1433 583 1490 sit
613 1429 782 1510 specialiter
813 1427 975 1492 notandum
1010 1427 1048 1488 de
1086 1427 1189 1490 disso-

39 1533 156 1594 lutione
179 1534 360 1594 matrimonii
382 1523 439 1592 rati
462 1549 516 1612 per
539 1535 641 1594 votum
664 1531 824 1594 solemne?

129 1641 162 1716 ip.
188 1631 263 1695 Vide
285 1633 361 1696 inira
384 1634 421 1696 de
444 1633 657 1716 impedimento
681 1639 743 1696 voti
765 1634 918 1698 solemnis.

569 1813 597 1882 t.
620 1804 670 1870 33.

239 1931 291 1991 De
308 1929 443 1993 unitate
461 1930 675 1992 matrimonii
693 1929 750 1988 vel
767 1929 996 2004 monogamia.

129 2045 151 2109 l.
176 2045 280 2108 Unitas
303 2048 483 2106 matrimonii
506 2049 537 2107 in
569 2063 606 2107 eo
629 2050 685 2107 sita
708 2051 763 2122 est,
796 2043 875 2126 quod
900 2047 1119 2106 matrimonium
1147 2047 1186 2105 sit

41 2149 215 2230 conjunctio
248 2153 337 2210 unius
370 2151 427 2209 viri
460 2166 529 2209 oum
565 2167 623 2210 una
661 2147 782 2210 semina.
842 2146 962 2208 Certum
1001 2153 1048 2208 est
1087 2152 1186 2208 autem

44 2249 76 2329 l)
102 2249 180 2312 banc
203 2255 346 2312 unitatem
370 2255 557 2336 niatrimonio
586 2256 737 2332 prirrraeva
759 2253 948 2312 institutione
970 2267 987 2310 a
1009 2249 1074 2311 Deo
1098 2247 1185 2326 lacta,

41 2371 111 2415 esse
135 2353 318 2431 ordinatam,
343 2357 372 2412 et
394 2357 438 2414 sic
460 2357 546 2418 initio
569 2359 668 2417 statim
690 2355 823 2436 illicitam
853 2351 946 2414 luisse
971 2351 1181 2434 polygamiam.

42 2453 118 2518 Gen.
143 2455 175 2518 2.
199 2449 249 2518 24.
274 2455 309 2530 2)
334 2461 446 2517 cerium
471 2451 529 2535 est,
556 2477 616 2521 non
638 2462 720 2522 omni
743 2463 878 2537 ternpore
901 2453 1101 2538 polygarniarn
1125 2455 1186 2530 (sl-

43 2559 244 2634 multanearn)
279 2559 370 2619 luisse
402 2559 548 2638 illicitarum
579 2580 645 2622 nam
678 2565 767 2622 eiiam
791 2556 996 2634 Patriarchae,
1020 2553 1184 2634 Abraham,

40 2662 142 2740 Jsaac,
166 2659 258 2726 Jacob
269 2667 325 2723 etc.
350 2661 450 2741 plures
464 2660 771 2738 habueruntuxores3
794 2660 828 2736 3)
840 2665 952 2723 certum
977 2663 1031 2736 est,
1048 2659 1187 2740 polyon-

42 2766 158 2843 driom,
181 2767 200 2827 i.
218 2781 244 2824 e.
267 2763 487 2844 illamspeciem
501 2766 699 2850 polygamiae,
725 2785 784 2848 qua
808 2783 866 2827 una
883 2761 1115 2824 mulierduobus
1137 2759 1188 2822 vel

43 2866 181 2948 pluribus
214 2871 286 2929 viris
311 2867 449 2948 jungitur
481 2884 601 2949 semper
632 2869 725 2932 luisse
759 2865 953 2950 prohibitam,
988 2884 1022 2927 ac
1052 2882 1189 2946 pugnare

36 2988 112 3032 cum
136 2968 207 3054 lege
228 2971 364 3048 naturali,
388 2975 457 3050 quia
477 2976 644 3052 praecipuis
669 2975 847 3035 matrimonii
864 2969 973 3032 linibus
997 2968 1187 3048 adversatur,

44 3091 155 3154 nempe
178 3076 366 3156 generationi
396 3072 489 3155 prolis
516 3081 547 3136 et
575 3073 672 3137 bonne
696 3073 876 3137 educationi.
922 3069 958 3148 l)
988 3070 1109 3132 Certum
1133 3075 1189 3146 est,

46 3175 248 3258 polygaminm
282 3175 490 3244 sirnultaneam
519 3194 587 3240 esse
615 3182 646 3240 in
669 3182 750 3242 omni
780 3194 852 3240 casu
879 3162 1058 3256 prohibitam
1081 3173 1188 3236 saltem

42 3278 78 3339 de
112 3279 181 3360 jure
213 3281 316 3343 diuino
348 3284 476 3360 positivo
510 3299 607 3344 novae
636 3283 728 3364 legis,
762 3284 831 3360 qula
861 3277 1019 3361 conjugale
1042 3276 1189 3340 loedusa

43 3381 160 3444 Christo
183 3371 404 3462 ad'primaevae
426 3388 621 3448 institutionis
644 3391 752 3448 statum
776 3388 950 3446 revocatum
973 3385 1029 3457 est,
1055 3384 1087 3441 ut
1111 3397 1189 3441 con-

42 3490 100 3547 stat
121 3483 225 3546 blatib.
254 3505 279 3548 c.
307 3483 353 3550 19.
378 3481 466 3563 302³)
498 3487 568 3550 Luc.
602 3483 650 3552 lt.
678 3487 725 3552 18.
756 3485 802 3564 5).
828 3483 1082 3560 controvertitur,
1116 3501 1186 3544 num

67 3668 88 3736 ¹)
107 3669 287 3736 beritensium,
313 3667 529 3739 Schinalzgruber.
566 3669 614 3722 Sed
640 3671 705 3722 bene
724 3671 877 3734 notandum,
900 3667 1059 3736 probationes
1088 3681 1188 3736 semper

109 3771 191 3824 usque
209 3753 241 3806 ad
259 3753 368 3822 aliquam
387 3757 560 3807 certitudinem
579 3759 699 3810 moralem
718 3757 840 3809 accedere
859 3755 960 3808 debere.

67 3841 89 3907 ²)
107 3839 179 3892 Conl.
200 3838 257 3897 Gas.
276 3839 377 3894 XXVII.

68 3928 90 3994 ³)
109 3925 186 3980 Gouc.
205 3924 272 3980 Trid.
291 3945 352 3981 sess.
372 3931 413 3982 ¹24.
437 3947 492 3981 can.
512 3931 536 3981 2.
573 3929 675 4000 „Siquis
695 3929 801 3994 dixerit,
827 3928 902 3980 licere
926 3925 1072 3978 Christianis
1099 3925 1185 3994 plures

109 4011 184 4067 simul
203 4012 301 4066 babere
319 4031 421 4080 uxorea,
439 4023 464 4067 et
483 4015 532 4070 boc
550 4017 619 4071 nulla
636 4017 694 4090 lege
713 4015 799 4068 divina
817 4031 873 4069 ease
892 4011 1045 4087 prohibitum
1063 4029 1086 4068 u.
1105 4017 1143 4068 ι.“
