<?xml version="1.0" encoding="UTF-8"?>
<!DOCTYPE html PUBLIC "-//W3C//DTD XHTML 1.0 Transitional//EN"
    "http://www.w3.org/TR/xhtml1/DTD/xhtml1-transitional.dtd">
<html xmlns="http://www.w3.org/1999/xhtml" xml:lang="en" lang="en">
 <head>
  <title>
</title>
<meta http-equiv="Content-Type" content="text/html;charset=utf-8" />
  <meta name='ocr-system' content='tesseract 3.04.00' />
  <meta name='ocr-capabilities' content='ocr_page ocr_carea ocr_par ocr_line ocrx_word'/>
</head>
<body>
  <div class='ocr_page' id='page_1' title='image "./dematrimoniotra00heisgoog_0051.png"; bbox 0 0 2742 4660; ppageno 0'>
   <div class='ocr_carea' id='block_1_1' title="bbox 164 229 1020 322">
    <p class='ocr_par' dir='ltr' id='par_1_1' title="bbox 164 229 1020 322">
     <span class='ocr_line' id='line_1_1' title="bbox 164 229 1020 322; baseline 0 -18"><span class='ocrx_word' id='word_1_1' title='bbox 164 229 205 304; x_wconf 66' lang='grc'>26</span> <span class='ocrx_word' id='word_1_2' title='bbox 218 298 234 317; x_wconf 30' lang='grc' dir='ltr'>κ</span> <span class='ocrx_word' id='word_1_3' title='bbox 446 253 483 306; x_wconf 85' lang='lat' dir='ltr'>De</span> <span class='ocrx_word' id='word_1_4' title='bbox 502 253 684 320; x_wconf 68' lang='lat' dir='ltr'>impedimentis</span> <span class='ocrx_word' id='word_1_5' title='bbox 705 245 854 304; x_wconf 64' lang='lat' dir='ltr'>matrimonii</span> <span class='ocrx_word' id='word_1_6' title='bbox 874 255 899 304; x_wconf 89' lang='lat' dir='ltr'>in</span> <span class='ocrx_word' id='word_1_7' title='bbox 917 269 1020 322; x_wconf 76' lang='lat' dir='ltr'>genere.</span> 
     </span>
    </p>
   </div>
   <div class='ocr_carea' id='block_1_2' title="bbox 137 409 1302 2749">
    <p class='ocr_par' dir='ltr' id='par_1_2' title="bbox 147 409 1300 1312">
     <span class='ocr_line' id='line_1_2' title="bbox 164 409 1297 488; baseline -0.006 -14"><span class='ocrx_word' id='word_1_8' title='bbox 164 411 201 474; x_wconf 89' lang='lat' dir='ltr'>ob</span> <span class='ocrx_word' id='word_1_9' title='bbox 225 409 445 473; x_wconf 77' lang='lat' dir='ltr'><strong>Sacramentum</strong></span> <span class='ocrx_word' id='word_1_10' title='bbox 469 410 511 470; x_wconf 88' lang='lat' dir='ltr'>illl</span> <span class='ocrx_word' id='word_1_11' title='bbox 535 427 684 472; x_wconf 88' lang='lat' dir='ltr'>annexum</span> <span class='ocrx_word' id='word_1_12' title='bbox 709 415 845 472; x_wconf 80' lang='lat' dir='ltr'><strong>exemtus</strong></span> <span class='ocrx_word' id='word_1_13' title='bbox 868 413 906 471; x_wconf 87' lang='lat' dir='ltr'>sit</span> <span class='ocrx_word' id='word_1_14' title='bbox 929 409 994 473; x_wconf 88' lang='lat' dir='ltr'>iore</span> <span class='ocrx_word' id='word_1_15' title='bbox 1018 411 1117 488; x_wconf 89' lang='lat' dir='ltr'>civili,</span> <span class='ocrx_word' id='word_1_16' title='bbox 1148 429 1183 471; x_wconf 90' lang='lat' dir='ltr'>ac</span> <span class='ocrx_word' id='word_1_17' title='bbox 1206 412 1297 488; x_wconf 89' lang='lat' dir='ltr'>peni-</span> 
     </span>
     <span class='ocr_line' id='line_1_3' title="bbox 165 511 1296 595; baseline -0.003 -21"><span class='ocrx_word' id='word_1_18' title='bbox 165 520 211 576; x_wconf 91' lang='lat' dir='ltr'>tus</span> <span class='ocrx_word' id='word_1_19' title='bbox 230 517 375 593; x_wconf 81' lang='lat' dir='ltr'>pertineat</span> <span class='ocrx_word' id='word_1_20' title='bbox 398 511 545 574; x_wconf 84' lang='lat' dir='ltr'>adfurum</span> <span class='ocrx_word' id='word_1_21' title='bbox 570 511 815 588; x_wconf 84' lang='lat' dir='ltr'>ecelesiasllcum,</span> <span class='ocrx_word' id='word_1_22' title='bbox 840 527 857 572; x_wconf 82' lang='lat' dir='ltr'>a</span> <span class='ocrx_word' id='word_1_23' title='bbox 880 511 948 595; x_wconf 86' lang='lat' dir='ltr'>lege</span> <span class='ocrx_word' id='word_1_24' title='bbox 973 513 1177 576; x_wconf 86' lang='lat' dir='ltr'>tautummodo</span> <span class='ocrx_word' id='word_1_25' title='bbox 1192 512 1296 573; x_wconf 82' lang='lat' dir='ltr'>eecle-</span> 
     </span>
     <span class='ocr_line' id='line_1_4' title="bbox 166 613 1298 698; baseline -0.004 -20"><span class='ocrx_word' id='word_1_26' title='bbox 166 620 283 678; x_wconf 82' lang='lat' dir='ltr'>siastico</span> <span class='ocrx_word' id='word_1_27' title='bbox 307 615 454 695; x_wconf 76' lang='lat' dir='ltr'>prohiberi</span> <span class='ocrx_word' id='word_1_28' title='bbox 478 633 512 676; x_wconf 93' lang='lat' dir='ltr'>ac</span> <span class='ocrx_word' id='word_1_29' title='bbox 536 619 644 676; x_wconf 83' lang='lat' dir='ltr'>irritari</span> <span class='ocrx_word' id='word_1_30' title='bbox 668 613 779 691; x_wconf 87' lang='lat' dir='ltr'>valeat,</span> <span class='ocrx_word' id='word_1_31' title='bbox 810 615 978 678; x_wconf 70' lang='lat' dir='ltr'>nuliatenus</span> <span class='ocrx_word' id='word_1_32' title='bbox 1000 620 1101 676; x_wconf 90' lang='lat' dir='ltr'>autem</span> <span class='ocrx_word' id='word_1_33' title='bbox 1123 616 1298 698; x_wconf 79' lang='lat' dir='ltr'>legemem</span> 
     </span>
     <span class='ocr_line' id='line_1_5' title="bbox 163 715 1298 793; baseline -0.001 -14"><span class='ocrx_word' id='word_1_34' title='bbox 163 719 251 779; x_wconf 88' lang='lat' dir='ltr'>civili.</span> <span class='ocrx_word' id='word_1_35' title='bbox 297 717 361 779; x_wconf 90' lang='lat' dir='ltr'>Hoc</span> <span class='ocrx_word' id='word_1_36' title='bbox 383 718 463 778; x_wconf 90' lang='lat' dir='ltr'>clare</span> <span class='ocrx_word' id='word_1_37' title='bbox 486 723 583 778; x_wconf 86' lang='lat' dir='ltr'>innuit</span> <span class='ocrx_word' id='word_1_38' title='bbox 606 717 694 778; x_wconf 85' lang='lat' dir='ltr'>Cone.</span> <span class='ocrx_word' id='word_1_39' title='bbox 711 717 840 778; x_wconf 86' lang='lat' dir='ltr'>Tridenl.</span> <span class='ocrx_word' id='word_1_40' title='bbox 865 723 895 778; x_wconf 91' lang='lat' dir='ltr'>in</span> <span class='ocrx_word' id='word_1_41' title='bbox 918 736 993 778; x_wconf 90' lang='lat' dir='ltr'>sess.</span> <span class='ocrx_word' id='word_1_42' title='bbox 1017 715 1067 780; x_wconf 79' lang='lat' dir='ltr'>at.</span> <span class='ocrx_word' id='word_1_43' title='bbox 1087 739 1113 782; x_wconf 92' lang='lat' dir='ltr'>c.</span> <span class='ocrx_word' id='word_1_44' title='bbox 1137 719 1196 793; x_wconf 74' lang='lat'>12,</span> <span class='ocrx_word' id='word_1_45' title='bbox 1220 717 1298 778; x_wconf 87' lang='lat' dir='ltr'>defi-</span> 
     </span>
     <span class='ocr_line' id='line_1_6' title="bbox 164 819 1298 902; baseline -0.003 -20"><span class='ocrx_word' id='word_1_46' title='bbox 164 821 288 884; x_wconf 85' lang='lat' dir='ltr'>niendo:</span> <span class='ocrx_word' id='word_1_47' title='bbox 324 821 378 897; x_wconf 88' lang='lat' dir='ltr'>„st</span> <span class='ocrx_word' id='word_1_48' title='bbox 402 825 467 900; x_wconf 89' lang='lat' dir='ltr'>quis</span> <span class='ocrx_word' id='word_1_49' title='bbox 491 821 608 898; x_wconf 87' lang='lat' dir='ltr'>dixerit,</span> <span class='ocrx_word' id='word_1_50' title='bbox 633 837 738 880; x_wconf 88' lang='lat' dir='ltr'>causas</span> <span class='ocrx_word' id='word_1_51' title='bbox 762 821 995 881; x_wconf 70' lang='lat' dir='ltr'>matrimoniales</span> <span class='ocrx_word' id='word_1_52' title='bbox 1018 839 1078 882; x_wconf 91' lang='lat' dir='ltr'>non</span> <span class='ocrx_word' id='word_1_53' title='bbox 1101 827 1239 902; x_wconf 88' lang='lat' dir='ltr'>spectare</span> <span class='ocrx_word' id='word_1_54' title='bbox 1262 819 1298 880; x_wconf 89' lang='lat' dir='ltr'>ad</span> 
     </span>
     <span class='ocr_line' id='line_1_7' title="bbox 160 921 1297 1004; baseline -0.005 -19"><span class='ocrx_word' id='word_1_55' title='bbox 160 925 280 1004; x_wconf 88' lang='lat' dir='ltr'>judices</span> <span class='ocrx_word' id='word_1_56' title='bbox 304 922 541 1000; x_wconf 87' lang='lat' dir='ltr'>ecclesiasticas,</span> <span class='ocrx_word' id='word_1_57' title='bbox 569 921 722 984; x_wconf 78' lang='lat' dir='ltr'>anatliema</span> <span class='ocrx_word' id='word_1_58' title='bbox 747 925 822 996; x_wconf 62' lang='lat' dir='ltr'>sita&lt;</span> <span class='ocrx_word' id='word_1_59' title='bbox 836 921 860 997; x_wconf 89' lang='lat'>¹)</span> <span class='ocrx_word' id='word_1_60' title='bbox 885 943 920 984; x_wconf 88' lang='lat' dir='ltr'>ac</span> <span class='ocrx_word' id='word_1_61' title='bbox 943 943 1037 1004; x_wconf 88' lang='lat' dir='ltr'>nuper</span> <span class='ocrx_word' id='word_1_62' title='bbox 1059 924 1128 986; x_wconf 91' lang='lat' dir='ltr'>Pius</span> <span class='ocrx_word' id='word_1_63' title='bbox 1148 923 1195 984; x_wconf 81' lang='lat' dir='ltr'>tx.</span> <span class='ocrx_word' id='word_1_64' title='bbox 1218 923 1246 986; x_wconf 90' lang='lat' dir='ltr'>S.</span> <span class='ocrx_word' id='word_1_65' title='bbox 1270 923 1297 983; x_wconf 88' lang='lat' dir='ltr'>P.</span> 
     </span>
     <span class='ocr_line' id='line_1_8' title="bbox 147 1023 1297 1105; baseline -0.001 -19"><span class='ocrx_word' id='word_1_66' title='bbox 147 1031 194 1086; x_wconf 51' lang='lat' dir='ltr'>‘in</span> <span class='ocrx_word' id='word_1_67' title='bbox 217 1025 396 1088; x_wconf 87' lang='lat' dir='ltr'>allocutione</span> <span class='ocrx_word' id='word_1_68' title='bbox 420 1025 517 1086; x_wconf 65' lang='lat' dir='ltr'>lauth</span> <span class='ocrx_word' id='word_1_69' title='bbox 540 1025 590 1088; x_wconf 75' lang='lat' dir='ltr'>at.</span> <span class='ocrx_word' id='word_1_70' title='bbox 615 1026 692 1105; x_wconf 85' lang='lat' dir='ltr'>Sept.</span> <span class='ocrx_word' id='word_1_71' title='bbox 721 1023 813 1102; x_wconf 73' lang='lat' dir='ltr'>teau,</span> <span class='ocrx_word' id='word_1_72' title='bbox 841 1030 1053 1105; x_wconf 84' lang='lat' dir='ltr'>pronuntiavit,</span> <span class='ocrx_word' id='word_1_73' title='bbox 1078 1031 1236 1105; x_wconf 76' lang='lat' dir='ltr'>„spectare</span> <span class='ocrx_word' id='word_1_74' title='bbox 1260 1025 1297 1086; x_wconf 89' lang='lat' dir='ltr'>ad</span> 
     </span>
     <span class='ocr_line' id='line_1_9' title="bbox 163 1127 1300 1210; baseline -0.003 -20"><span class='ocrx_word' id='word_1_75' title='bbox 163 1127 315 1190; x_wconf 82' lang='lat' dir='ltr'>Ecclesiae</span> <span class='ocrx_word' id='word_1_76' title='bbox 339 1133 525 1206; x_wconf 77' lang='lat' dir='ltr'>potestatem,</span> <span class='ocrx_word' id='word_1_77' title='bbox 551 1149 590 1190; x_wconf 86' lang='lat' dir='ltr'>en</span> <span class='ocrx_word' id='word_1_78' title='bbox 610 1132 713 1191; x_wconf 77' lang='lat' dir='ltr'>omniu</span> <span class='ocrx_word' id='word_1_79' title='bbox 730 1130 905 1204; x_wconf 66' lang='lat' dir='ltr'>mccrrtere,</span> <span class='ocrx_word' id='word_1_80' title='bbox 928 1147 1006 1210; x_wconf 87' lang='lat' dir='ltr'>quae</span> <span class='ocrx_word' id='word_1_81' title='bbox 1028 1128 1065 1190; x_wconf 89' lang='lat' dir='ltr'>ad</span> <span class='ocrx_word' id='word_1_82' title='bbox 1087 1130 1166 1190; x_wconf 89' lang='lat' dir='ltr'>idem</span> <span class='ocrx_word' id='word_1_83' title='bbox 1191 1133 1300 1189; x_wconf 81' lang='lat' dir='ltr'>inatri-</span> 
     </span>
     <span class='ocr_line' id='line_1_10' title="bbox 165 1234 1000 1312; baseline 0 -20"><span class='ocrx_word' id='word_1_84' title='bbox 165 1235 295 1294; x_wconf 79' lang='lat' dir='ltr'>monium</span> <span class='ocrx_word' id='word_1_85' title='bbox 319 1234 540 1310; x_wconf 73' lang='lat' dir='ltr'>quovismodo</span> <span class='ocrx_word' id='word_1_86' title='bbox 564 1238 686 1312; x_wconf 81' lang='lat' dir='ltr'>possunt</span> <span class='ocrx_word' id='word_1_87' title='bbox 708 1234 891 1312; x_wconf 82' lang='lat' dir='ltr'>pertinere“.</span> <span class='ocrx_word' id='word_1_88' title='bbox 994 1281 1000 1292; x_wconf 86' lang='lat'>.</span> 
     </span>
    </p>

    <p class='ocr_par' dir='ltr' id='par_1_3' title="bbox 137 1333 1302 2749">
     <span class='ocr_line' id='line_1_11' title="bbox 250 1333 1302 1415; baseline -0.001 -21"><span class='ocrx_word' id='word_1_89' title='bbox 250 1333 298 1396; x_wconf 93' lang='lat' dir='ltr'>tlt.</span> <span class='ocrx_word' id='word_1_90' title='bbox 323 1333 428 1415; x_wconf 85' lang='lat' dir='ltr'>Neque</span> <span class='ocrx_word' id='word_1_91' title='bbox 451 1341 567 1413; x_wconf 72' lang='lat' dir='ltr'>umen,</span> <span class='ocrx_word' id='word_1_92' title='bbox 592 1336 661 1396; x_wconf 93' lang='lat' dir='ltr'>dum</span> <span class='ocrx_word' id='word_1_93' title='bbox 686 1336 735 1396; x_wconf 85' lang='lat' dir='ltr'>lox</span> <span class='ocrx_word' id='word_1_94' title='bbox 757 1335 959 1396; x_wconf 83' lang='lat' dir='ltr'>ecclesiastica</span> <span class='ocrx_word' id='word_1_95' title='bbox 984 1339 1202 1396; x_wconf 83' lang='lat' dir='ltr'>ntatriruenium</span> <span class='ocrx_word' id='word_1_96' title='bbox 1227 1338 1302 1394; x_wconf 84' lang='lat' dir='ltr'>irri-</span> 
     </span>
     <span class='ocr_line' id='line_1_12' title="bbox 137 1436 1301 1518; baseline 0.001 -22"><span class='ocrx_word' id='word_1_97' title='bbox 137 1501 139 1512; x_wconf 61' lang='grc'>,</span> <span class='ocrx_word' id='word_1_98' title='bbox 166 1443 229 1498; x_wconf 88' lang='lat' dir='ltr'>tare</span> <span class='ocrx_word' id='word_1_99' title='bbox 252 1437 346 1514; x_wconf 85' lang='lat' dir='ltr'>valet,</span> <span class='ocrx_word' id='word_1_100' title='bbox 380 1442 532 1518; x_wconf 90' lang='lat' dir='ltr'>sequitur,</span> <span class='ocrx_word' id='word_1_101' title='bbox 563 1445 595 1498; x_wconf 90' lang='lat' dir='ltr'>ul</span> <span class='ocrx_word' id='word_1_102' title='bbox 616 1437 675 1501; x_wconf 89' lang='lat' dir='ltr'>hoe</span> <span class='ocrx_word' id='word_1_103' title='bbox 699 1437 786 1499; x_wconf 80' lang='lat' dir='ltr'>inodo</span> <span class='ocrx_word' id='word_1_104' title='bbox 813 1437 851 1498; x_wconf 84' lang='lat' dir='ltr'>ab</span> <span class='ocrx_word' id='word_1_105' title='bbox 874 1437 1007 1500; x_wconf 79' lang='lat' dir='ltr'>Ecclesia</span> <span class='ocrx_word' id='word_1_106' title='bbox 1036 1443 1166 1498; x_wconf 83' lang='lat' dir='ltr'>mutetur</span> <span class='ocrx_word' id='word_1_107' title='bbox 1188 1436 1301 1516; x_wconf 89' lang='lat' dir='ltr'>aliquid</span> 
     </span>
     <span class='ocr_line' id='line_1_13' title="bbox 165 1539 1301 1629; baseline -0.001 -29"><span class='ocrx_word' id='word_1_108' title='bbox 165 1540 204 1600; x_wconf 87' lang='lat' dir='ltr'>de</span> <span class='ocrx_word' id='word_1_109' title='bbox 235 1545 359 1601; x_wconf 85' lang='lat' dir='ltr'>rnaterta</span> <span class='ocrx_word' id='word_1_110' title='bbox 389 1548 419 1600; x_wconf 86' lang='lat' dir='ltr'>et</span> <span class='ocrx_word' id='word_1_111' title='bbox 448 1541 542 1602; x_wconf 82' lang='lat' dir='ltr'>lorma</span> <span class='ocrx_word' id='word_1_112' title='bbox 574 1541 755 1604; x_wconf 83' lang='lat' dir='ltr'>Samamenti</span> <span class='ocrx_word' id='word_1_113' title='bbox 787 1541 929 1602; x_wconf 84' lang='lat' dir='ltr'>divinitus</span> <span class='ocrx_word' id='word_1_114' title='bbox 958 1545 1109 1629; x_wconf 83' lang='lat' dir='ltr'>instituta,</span> <span class='ocrx_word' id='word_1_115' title='bbox 1151 1539 1301 1620; x_wconf 86' lang='lat' dir='ltr'>siquidem</span> 
     </span>
     <span class='ocr_line' id='line_1_14' title="bbox 169 1641 1299 1724; baseline -0.002 -20"><span class='ocrx_word' id='word_1_116' title='bbox 169 1641 302 1704; x_wconf 85' lang='lat' dir='ltr'>Christus</span> <span class='ocrx_word' id='word_1_117' title='bbox 337 1643 481 1705; x_wconf 83' lang='lat' dir='ltr'>Domintts</span> <span class='ocrx_word' id='word_1_118' title='bbox 516 1661 574 1704; x_wconf 91' lang='lat' dir='ltr'>non</span> <span class='ocrx_word' id='word_1_119' title='bbox 619 1659 826 1724; x_wconf 87' lang='lat' dir='ltr'>quemcunque</span> <span class='ocrx_word' id='word_1_120' title='bbox 866 1648 1049 1704; x_wconf 86' lang='lat' dir='ltr'>contractum</span> <span class='ocrx_word' id='word_1_121' title='bbox 1091 1645 1299 1702; x_wconf 86' lang='lat' dir='ltr'>matrimonia-</span> 
     </span>
     <span class='ocr_line' id='line_1_15' title="bbox 167 1744 1298 1832; baseline -0.003 -26"><span class='ocrx_word' id='word_1_122' title='bbox 167 1745 226 1806; x_wconf 89' lang='lat' dir='ltr'>lem</span> <span class='ocrx_word' id='word_1_123' title='bbox 253 1750 332 1806; x_wconf 85' lang='lat' dir='ltr'>inter</span> <span class='ocrx_word' id='word_1_124' title='bbox 363 1745 467 1806; x_wconf 83' lang='lat' dir='ltr'>lidelcs</span> <span class='ocrx_word' id='word_1_125' title='bbox 493 1751 598 1807; x_wconf 83' lang='lat' dir='ltr'>initum</span> <span class='ocrx_word' id='word_1_126' title='bbox 628 1747 664 1810; x_wconf 89' lang='lat' dir='ltr'>ad</span> <span class='ocrx_word' id='word_1_127' title='bbox 694 1747 919 1808; x_wconf 71' lang='lat' dir='ltr'>Sacramentum</span> <span class='ocrx_word' id='word_1_128' title='bbox 952 1747 1098 1820; x_wconf 87' lang='lat' dir='ltr'>elevavit,</span> <span class='ocrx_word' id='word_1_129' title='bbox 1130 1744 1184 1808; x_wconf 81' lang='lat' dir='ltr'>sed</span> <span class='ocrx_word' id='word_1_130' title='bbox 1213 1745 1298 1832; x_wconf 86' lang='lat' dir='ltr'>illum</span> 
     </span>
     <span class='ocr_line' id='line_1_16' title="bbox 164 1847 1300 1932; baseline -0.001 -23"><span class='ocrx_word' id='word_1_131' title='bbox 164 1848 277 1924; x_wconf 81' lang='lat' dir='ltr'>solem,</span> <span class='ocrx_word' id='word_1_132' title='bbox 308 1853 358 1928; x_wconf 92' lang='lat' dir='ltr'>qut</span> <span class='ocrx_word' id='word_1_133' title='bbox 383 1865 480 1928; x_wconf 86' lang='lat' dir='ltr'>neque</span> <span class='ocrx_word' id='word_1_134' title='bbox 503 1849 563 1932; x_wconf 83' lang='lat' dir='ltr'>legi</span> <span class='ocrx_word' id='word_1_135' title='bbox 589 1851 729 1927; x_wconf 80' lang='lat' dir='ltr'>natrrralt,</span> <span class='ocrx_word' id='word_1_136' title='bbox 754 1865 853 1929; x_wconf 86' lang='lat' dir='ltr'>neque</span> <span class='ocrx_word' id='word_1_137' title='bbox 876 1848 1004 1923; x_wconf 82' lang='lat' dir='ltr'>divinae,</span> <span class='ocrx_word' id='word_1_138' title='bbox 1030 1865 1126 1928; x_wconf 81' lang='lat' dir='ltr'>neque</span> <span class='ocrx_word' id='word_1_139' title='bbox 1149 1847 1300 1908; x_wconf 84' lang='lat' dir='ltr'>ecclesia-</span> 
     </span>
     <span class='ocr_line' id='line_1_17' title="bbox 164 1951 1298 2030; baseline -0.001 -19"><span class='ocrx_word' id='word_1_140' title='bbox 164 1955 256 2012; x_wconf 75' lang='lat' dir='ltr'>sticae</span> <span class='ocrx_word' id='word_1_141' title='bbox 279 1951 462 2029; x_wconf 81' lang='lat' dir='ltr'>adversatur,</span> <span class='ocrx_word' id='word_1_142' title='bbox 486 1971 521 2012; x_wconf 88' lang='lat' dir='ltr'>ac</span> <span class='ocrx_word' id='word_1_143' title='bbox 539 1952 663 2030; x_wconf 87' lang='lat' dir='ltr'>prolude</span> <span class='ocrx_word' id='word_1_144' title='bbox 685 1957 787 2013; x_wconf 87' lang='lat' dir='ltr'>stricto</span> <span class='ocrx_word' id='word_1_145' title='bbox 802 1969 892 2012; x_wconf 87' lang='lat' dir='ltr'>sensu</span> <span class='ocrx_word' id='word_1_146' title='bbox 915 1952 1068 2029; x_wconf 81' lang='lat' dir='ltr'>lepitimas</span> <span class='ocrx_word' id='word_1_147' title='bbox 1091 1955 1136 2012; x_wconf 85' lang='lat' dir='ltr'>est</span> <span class='ocrx_word' id='word_1_148' title='bbox 1159 1955 1298 2012; x_wconf 85' lang='lat' dir='ltr'>exomni</span> 
     </span>
     <span class='ocr_line' id='line_1_18' title="bbox 164 2050 1299 2133; baseline 0.002 -21"><span class='ocrx_word' id='word_1_149' title='bbox 164 2050 293 2132; x_wconf 81' lang='lat' dir='ltr'>parte.²)</span> <span class='ocrx_word' id='word_1_150' title='bbox 316 2052 414 2124; x_wconf 82' lang='lat' dir='ltr'>Quare</span> <span class='ocrx_word' id='word_1_151' title='bbox 437 2053 503 2114; x_wconf 84' lang='lat' dir='ltr'>talis</span> <span class='ocrx_word' id='word_1_152' title='bbox 526 2063 694 2116; x_wconf 88' lang='lat' dir='ltr'>contractus</span> <span class='ocrx_word' id='word_1_153' title='bbox 712 2054 944 2130; x_wconf 87' lang='lat' dir='ltr'>matrimonialis,</span> <span class='ocrx_word' id='word_1_154' title='bbox 968 2058 1018 2133; x_wconf 90' lang='lat' dir='ltr'>qui</span> <span class='ocrx_word' id='word_1_155' title='bbox 1041 2057 1174 2114; x_wconf 87' lang='lat' dir='ltr'>irritatur</span> <span class='ocrx_word' id='word_1_156' title='bbox 1189 2059 1299 2115; x_wconf 88' lang='lat' dir='ltr'>aucto-</span> 
     </span>
     <span class='ocr_line' id='line_1_19' title="bbox 163 2141 1299 2236; baseline 0.002 -22"><span class='ocrx_word' id='word_1_157' title='bbox 163 2159 250 2216; x_wconf 85' lang='lat' dir='ltr'>ritate</span> <span class='ocrx_word' id='word_1_158' title='bbox 274 2155 485 2233; x_wconf 83' lang='lat' dir='ltr'>ecclesiastica,</span> <span class='ocrx_word' id='word_1_159' title='bbox 509 2175 568 2217; x_wconf 88' lang='lat' dir='ltr'>nun</span> <span class='ocrx_word' id='word_1_160' title='bbox 591 2159 717 2236; x_wconf 87' lang='lat' dir='ltr'>amplius</span> <span class='ocrx_word' id='word_1_161' title='bbox 741 2163 770 2216; x_wconf 86' lang='lat' dir='ltr'>in</span> <span class='ocrx_word' id='word_1_162' title='bbox 793 2141 828 2218; x_wconf 84' lang='lat' dir='ltr'>se</span> <span class='ocrx_word' id='word_1_163' title='bbox 849 2161 981 2218; x_wconf 83' lang='lat' dir='ltr'>continet</span> <span class='ocrx_word' id='word_1_164' title='bbox 1000 2159 1153 2233; x_wconf 81' lang='lat' dir='ltr'>materiam</span> <span class='ocrx_word' id='word_1_165' title='bbox 1176 2161 1208 2214; x_wconf 85' lang='lat' dir='ltr'>al</span> <span class='ocrx_word' id='word_1_166' title='bbox 1231 2156 1299 2218; x_wconf 90' lang='lat' dir='ltr'>lor-</span> 
     </span>
     <span class='ocr_line' id='line_1_20' title="bbox 163 2256 1299 2340; baseline 0 -22"><span class='ocrx_word' id='word_1_167' title='bbox 163 2275 242 2318; x_wconf 84' lang='lat' dir='ltr'>mam</span> <span class='ocrx_word' id='word_1_168' title='bbox 265 2256 304 2316; x_wconf 93' lang='lat' dir='ltr'>ad</span> <span class='ocrx_word' id='word_1_169' title='bbox 325 2257 547 2319; x_wconf 79' lang='lat' dir='ltr'>Sacramentum</span> <span class='ocrx_word' id='word_1_170' title='bbox 572 2265 750 2322; x_wconf 85' lang='lat' dir='ltr'>ruatrltuunii</span> <span class='ocrx_word' id='word_1_171' title='bbox 776 2263 966 2340; x_wconf 80' lang='lat' dir='ltr'>requisitam,</span> <span class='ocrx_word' id='word_1_172' title='bbox 999 2259 1129 2338; x_wconf 89' lang='lat' dir='ltr'>ideoque</span> <span class='ocrx_word' id='word_1_173' title='bbox 1151 2277 1168 2319; x_wconf 91' lang='lat' dir='ltr'>a</span> <span class='ocrx_word' id='word_1_174' title='bbox 1199 2258 1299 2318; x_wconf 85' lang='lat' dir='ltr'>taliter</span> 
     </span>
     <span class='ocr_line' id='line_1_21' title="bbox 163 2352 1298 2442; baseline -0.002 -20"><span class='ocrx_word' id='word_1_175' title='bbox 163 2359 405 2423; x_wconf 83' lang='lat' dir='ltr'>contrahentibus</span> <span class='ocrx_word' id='word_1_176' title='bbox 434 2379 534 2441; x_wconf 88' lang='lat' dir='ltr'>neque</span> <span class='ocrx_word' id='word_1_177' title='bbox 554 2361 792 2438; x_wconf 78' lang='lat' dir='ltr'>Sacramentum,</span> <span class='ocrx_word' id='word_1_178' title='bbox 828 2380 925 2442; x_wconf 88' lang='lat' dir='ltr'>neque</span> <span class='ocrx_word' id='word_1_179' title='bbox 951 2352 1170 2423; x_wconf 84' lang='lat' dir='ltr'>matrimonium</span> <span class='ocrx_word' id='word_1_180' title='bbox 1194 2360 1298 2440; x_wconf 84' lang='lat' dir='ltr'>perfici</span> 
     </span>
     <span class='ocr_line' id='line_1_22' title="bbox 162 2462 1299 2547; baseline 0 -25"><span class='ocrx_word' id='word_1_181' title='bbox 162 2469 268 2542; x_wconf 89' lang='lat' dir='ltr'>potest.</span> <span class='ocrx_word' id='word_1_182' title='bbox 294 2462 472 2547; x_wconf 79' lang='lat' dir='ltr'>Lex-igilur</span> <span class='ocrx_word' id='word_1_183' title='bbox 489 2466 690 2526; x_wconf 86' lang='lat' dir='ltr'>ecclesiastiea</span> <span class='ocrx_word' id='word_1_184' title='bbox 714 2464 858 2524; x_wconf 85' lang='lat' dir='ltr'>invalidal</span> <span class='ocrx_word' id='word_1_185' title='bbox 879 2464 994 2525; x_wconf 85' lang='lat' dir='ltr'>directe</span> <span class='ocrx_word' id='word_1_186' title='bbox 1017 2467 1195 2543; x_wconf 86' lang='lat' dir='ltr'>acpmxime</span> <span class='ocrx_word' id='word_1_187' title='bbox 1219 2481 1299 2526; x_wconf 89' lang='lat' dir='ltr'>con-</span> 
     </span>
     <span class='ocr_line' id='line_1_23' title="bbox 162 2565 1299 2646; baseline 0.002 -22"><span class='ocrx_word' id='word_1_188' title='bbox 162 2570 288 2626; x_wconf 85' lang='lat' dir='ltr'>tractum</span> <span class='ocrx_word' id='word_1_189' title='bbox 305 2571 416 2628; x_wconf 83' lang='lat' dir='ltr'>tantum</span> <span class='ocrx_word' id='word_1_190' title='bbox 430 2567 603 2639; x_wconf 87' lang='lat' dir='ltr'>naturalem,</span> <span class='ocrx_word' id='word_1_191' title='bbox 628 2567 744 2646; x_wconf 89' lang='lat' dir='ltr'>hocque</span> <span class='ocrx_word' id='word_1_192' title='bbox 761 2568 859 2644; x_wconf 88' lang='lat' dir='ltr'>modo,</span> <span class='ocrx_word' id='word_1_193' title='bbox 885 2572 1006 2628; x_wconf 84' lang='lat' dir='ltr'>materia</span> <span class='ocrx_word' id='word_1_194' title='bbox 1030 2573 1060 2625; x_wconf 88' lang='lat' dir='ltr'>et</span> <span class='ocrx_word' id='word_1_195' title='bbox 1078 2567 1172 2628; x_wconf 82' lang='lat' dir='ltr'>forma</span> <span class='ocrx_word' id='word_1_196' title='bbox 1187 2565 1299 2627; x_wconf 88' lang='lat' dir='ltr'>Sacra-</span> 
     </span>
     <span class='ocr_line' id='line_1_24' title="bbox 162 2666 1298 2749; baseline 0 -21"><span class='ocrx_word' id='word_1_197' title='bbox 162 2673 255 2730; x_wconf 86' lang='lat' dir='ltr'>menti</span> <span class='ocrx_word' id='word_1_198' title='bbox 266 2667 434 2745; x_wconf 83' lang='lat' dir='ltr'>deliciante,</span> <span class='ocrx_word' id='word_1_199' title='bbox 448 2675 562 2728; x_wconf 89' lang='lat' dir='ltr'>remote</span> <span class='ocrx_word' id='word_1_200' title='bbox 576 2674 606 2728; x_wconf 93' lang='lat' dir='ltr'>et</span> <span class='ocrx_word' id='word_1_201' title='bbox 620 2669 776 2747; x_wconf 85' lang='lat' dir='ltr'>indirecte,</span> <span class='ocrx_word' id='word_1_202' title='bbox 789 2670 912 2749; x_wconf 78' lang='lat' dir='ltr'>incpedit</span> <span class='ocrx_word' id='word_1_203' title='bbox 927 2674 1015 2732; x_wconf 88' lang='lat' dir='ltr'>etiam</span> <span class='ocrx_word' id='word_1_204' title='bbox 1029 2666 1298 2742; x_wconf 65' lang='lat' dir='ltr'>Sacramentum-ti</span> 
     </span>
    </p>
   </div>
   <div class='ocr_carea' id='block_1_3' title="bbox 133 2899 1301 4090">
    <p class='ocr_par' dir='ltr' id='par_1_4' title="bbox 233 2899 1301 2977">
     <span class='ocr_line' id='line_1_25' title="bbox 233 2899 1301 2977; baseline 0 -20"><span class='ocrx_word' id='word_1_205' title='bbox 233 2923 289 2957; x_wconf 87' lang='lat' dir='ltr'>esse</span> <span class='ocrx_word' id='word_1_206' title='bbox 307 2906 410 2966; x_wconf 75' lang='lat' dir='ltr'>doceat,</span> <span class='ocrx_word' id='word_1_207' title='bbox 433 2915 456 2956; x_wconf 90' lang='lat' dir='ltr'>et</span> <span class='ocrx_word' id='word_1_208' title='bbox 475 2907 556 2974; x_wconf 92' lang='lat' dir='ltr'>quoad</span> <span class='ocrx_word' id='word_1_209' title='bbox 576 2899 759 2958; x_wconf 85' lang='lat' dir='ltr'>matrimonium</span> <span class='ocrx_word' id='word_1_210' title='bbox 780 2903 830 2958; x_wconf 85' lang='lat' dir='ltr'>sais</span> <span class='ocrx_word' id='word_1_211' title='bbox 849 2907 945 2977; x_wconf 80' lang='lat' dir='ltr'>legibus</span> <span class='ocrx_word' id='word_1_212' title='bbox 964 2917 1050 2958; x_wconf 85' lang='lat' dir='ltr'>sancte</span> <span class='ocrx_word' id='word_1_213' title='bbox 1067 2916 1236 2976; x_wconf 85' lang='lat' dir='ltr'>accurateque</span> <span class='ocrx_word' id='word_1_214' title='bbox 1256 2909 1301 2974; x_wconf 84' lang='lat' dir='ltr'>pa-&#39;</span> 
     </span>
    </p>

    <p class='ocr_par' dir='ltr' id='par_1_5' title="bbox 232 2992 1300 3062">
     <span class='ocr_line' id='line_1_26' title="bbox 232 2992 1300 3062; baseline 0.001 -20"><span class='ocrx_word' id='word_1_215' title='bbox 232 2992 336 3043; x_wconf 87' lang='lat' dir='ltr'>rendum</span> <span class='ocrx_word' id='word_1_216' title='bbox 356 2999 410 3042; x_wconf 79' lang='lat' dir='ltr'>esse</span> <span class='ocrx_word' id='word_1_217' title='bbox 429 2992 547 3053; x_wconf 85' lang='lat' dir='ltr'>declaret,</span> <span class='ocrx_word' id='word_1_218' title='bbox 566 3009 596 3042; x_wconf 83' lang='lat' dir='ltr'>er</span> <span class='ocrx_word' id='word_1_219' title='bbox 614 3007 718 3060; x_wconf 85' lang='lat' dir='ltr'>quarum</span> <span class='ocrx_word' id='word_1_220' title='bbox 738 2997 823 3062; x_wconf 77' lang='lat' dir='ltr'>atique</span> <span class='ocrx_word' id='word_1_221' title='bbox 842 2999 990 3046; x_wconf 77' lang='lat' dir='ltr'>executione</span> <span class='ocrx_word' id='word_1_222' title='bbox 1003 2997 1105 3044; x_wconf 85' lang='lat' dir='ltr'>camino</span> <span class='ocrx_word' id='word_1_223' title='bbox 1123 2993 1216 3060; x_wconf 83' lang='lat' dir='ltr'>pendet</span> <span class='ocrx_word' id='word_1_224' title='bbox 1229 2993 1300 3057; x_wconf 82' lang='lat' dir='ltr'>ejas-</span> 
     </span>
    </p>

    <p class='ocr_par' dir='ltr' id='par_1_6' title="bbox 133 3077 1284 3146">
     <span class='ocr_line' id='line_1_27' title="bbox 133 3077 1284 3146; baseline 0 -18"><span class='ocrx_word' id='word_1_225' title='bbox 133 3092 139 3113; x_wconf 58' lang='grc' dir='ltr'><em>Ι</em></span> <span class='ocrx_word' id='word_1_226' title='bbox 232 3078 289 3129; x_wconf 85' lang='lat' dir='ltr'>dem</span> <span class='ocrx_word' id='word_1_227' title='bbox 308 3077 425 3130; x_wconf 86' lang='lat' dir='ltr'>connubii</span> <span class='ocrx_word' id='word_1_228' title='bbox 445 3082 492 3140; x_wconf 74' lang='lat' dir='ltr'>via,</span> <span class='ocrx_word' id='word_1_229' title='bbox 511 3077 586 3132; x_wconf 84' lang='lat' dir='ltr'>robur</span> <span class='ocrx_word' id='word_1_230' title='bbox 603 3095 635 3130; x_wconf 89' lang='lat' dir='ltr'>ae</span> <span class='ocrx_word' id='word_1_231' title='bbox 649 3078 716 3142; x_wconf 88' lang='lat' dir='ltr'>justa</span> <span class='ocrx_word' id='word_1_232' title='bbox 736 3083 896 3132; x_wconf 84' lang='lat' dir='ltr'>consociatio.</span> <span class='ocrx_word' id='word_1_233' title='bbox 916 3081 988 3132; x_wconf 83' lang='lat' dir='ltr'>lustr.</span> <span class='ocrx_word' id='word_1_234' title='bbox 1008 3079 1071 3132; x_wconf 80' lang='lat' dir='ltr'>l&#39;ast.</span> <span class='ocrx_word' id='word_1_235' title='bbox 1088 3079 1158 3146; x_wconf 82' lang='lat' dir='ltr'>Eyst.</span> <span class='ocrx_word' id='word_1_236' title='bbox 1178 3097 1201 3146; x_wconf 93' lang='lat' dir='ltr'>p.</span> <span class='ocrx_word' id='word_1_237' title='bbox 1225 3081 1284 3130; x_wconf 80' lang='lat'>272.</span> 
     </span>
    </p>

    <p class='ocr_par' dir='ltr' id='par_1_7' title="bbox 191 3162 1301 3404">
     <span class='ocr_line' id='line_1_28' title="bbox 191 3162 1301 3234; baseline 0 -18"><span class='ocrx_word' id='word_1_238' title='bbox 191 3164 213 3230; x_wconf 83' lang='lat'>¹)</span> <span class='ocrx_word' id='word_1_239' title='bbox 231 3164 255 3216; x_wconf 90' lang='lat' dir='ltr'>S.</span> <span class='ocrx_word' id='word_1_240' title='bbox 274 3163 375 3214; x_wconf 76' lang='lat' dir='ltr'>Tuom:</span> <span class='ocrx_word' id='word_1_241' title='bbox 401 3162 484 3226; x_wconf 83' lang='lat' dir='ltr'>„Quia</span> <span class='ocrx_word' id='word_1_242' title='bbox 503 3163 663 3217; x_wconf 75' lang='lat' dir='ltr'>Sacramenta</span> <span class='ocrx_word' id='word_1_243' title='bbox 682 3164 827 3227; x_wconf 80' lang='lat' dir='ltr'>Ecclesiae,</span> <span class='ocrx_word' id='word_1_244' title='bbox 850 3167 923 3234; x_wconf 88' lang='lat' dir='ltr'>quale</span> <span class='ocrx_word' id='word_1_245' title='bbox 949 3168 1021 3230; x_wconf 87' lang='lat' dir='ltr'>etiam</span> <span class='ocrx_word' id='word_1_246' title='bbox 1047 3174 1084 3216; x_wconf 86' lang='lat' dir='ltr'>est</span> <span class='ocrx_word' id='word_1_247' title='bbox 1103 3169 1301 3224; x_wconf 78' lang='lat' dir='ltr'>trratrtmcntum,</span> 
     </span>
     <span class='ocr_line' id='line_1_29' title="bbox 232 3248 1300 3319; baseline 0 -19"><span class='ocrx_word' id='word_1_248' title='bbox 232 3249 346 3302; x_wconf 79' lang='lat' dir='ltr'>hcrmauis</span> <span class='ocrx_word' id='word_1_249' title='bbox 366 3248 462 3316; x_wconf 75' lang='lat' dir='ltr'>legibus</span> <span class='ocrx_word' id='word_1_250' title='bbox 481 3265 529 3299; x_wconf 90' lang='lat' dir='ltr'>uon</span> <span class='ocrx_word' id='word_1_251' title='bbox 549 3249 717 3310; x_wconf 24' lang='lat' dir='ltr'>subd-untur?</span> <span class='ocrx_word' id='word_1_252' title='bbox 738 3251 778 3315; x_wconf 78' lang='lat' dir='ltr'>ill.</span> <span class='ocrx_word' id='word_1_253' title='bbox 797 3253 851 3302; x_wconf 88' lang='lat' dir='ltr'>dist.</span> <span class='ocrx_word' id='word_1_254' title='bbox 865 3254 1011 3319; x_wconf 73' lang='lat' dir='ltr'>42.quaesl.</span> <span class='ocrx_word' id='word_1_255' title='bbox 1027 3254 1050 3301; x_wconf 81' lang='lat'>2.</span> <span class='ocrx_word' id='word_1_256' title='bbox 1066 3267 1087 3302; x_wconf 92' lang='lat' dir='ltr'>a.</span> <span class='ocrx_word' id='word_1_257' title='bbox 1107 3251 1137 3300; x_wconf 82' lang='lat' dir='ltr'>ad</span> <span class='ocrx_word' id='word_1_258' title='bbox 1148 3255 1171 3301; x_wconf 78' lang='lat' dir='ltr'>l.</span> <span class='ocrx_word' id='word_1_259' title='bbox 1183 3252 1216 3301; x_wconf 88' lang='lat' dir='ltr'>cl&#39;.</span> <span class='ocrx_word' id='word_1_260' title='bbox 1228 3250 1300 3300; x_wconf 87' lang='lat' dir='ltr'>Bulla</span> 
     </span>
     <span class='ocr_line' id='line_1_30' title="bbox 231 3333 1301 3404; baseline 0.004 -20"><span class='ocrx_word' id='word_1_261' title='bbox 231 3333 266 3385; x_wconf 91' lang='lat' dir='ltr'>Pii</span> <span class='ocrx_word' id='word_1_262' title='bbox 276 3333 317 3386; x_wconf 85' lang='lat' dir='ltr'>Vl.</span> <span class='ocrx_word' id='word_1_263' title='bbox 337 3335 377 3384; x_wconf 79' lang='lat'>¹28.</span> <span class='ocrx_word' id='word_1_264' title='bbox 388 3336 493 3403; x_wconf 75' lang='lat' dir='ltr'>August.</span> <span class='ocrx_word' id='word_1_265' title='bbox 506 3335 579 3386; x_wconf 78' lang='lat' dir='ltr'>taut.</span> <span class='ocrx_word' id='word_1_266' title='bbox 592 3337 679 3400; x_wconf 82' lang='lat' dir='ltr'>incip:</span> <span class='ocrx_word' id='word_1_267' title='bbox 700 3337 850 3398; x_wconf 60' lang='lat' dir='ltr'>,Auctorem</span> <span class='ocrx_word' id='word_1_268' title='bbox 870 3337 953 3390; x_wconf 66' lang='lat' dir='ltr'>auctu.</span> <span class='ocrx_word' id='word_1_269' title='bbox 974 3353 1043 3404; x_wconf 89' lang='lat' dir='ltr'>prop.</span> <span class='ocrx_word' id='word_1_270' title='bbox 1055 3337 1139 3386; x_wconf 90' lang='lat' dir='ltr'>damu.</span> <span class='ocrx_word' id='word_1_271' title='bbox 1150 3338 1192 3396; x_wconf 71' lang='lat'>58,</span> <span class='ocrx_word' id='word_1_272' title='bbox 1203 3337 1247 3398; x_wconf 80' lang='lat'>59,</span> <span class='ocrx_word' id='word_1_273' title='bbox 1259 3339 1301 3388; x_wconf 82' lang='lat'>60.</span> 
     </span>
    </p>

    <p class='ocr_par' dir='ltr' id='par_1_8' title="bbox 189 3411 1301 4005">
     <span class='ocr_line' id='line_1_31' title="bbox 189 3411 1301 3488; baseline 0.001 -17"><span class='ocrx_word' id='word_1_274' title='bbox 189 3423 211 3488; x_wconf 73' lang='lat'>²)</span> <span class='ocrx_word' id='word_1_275' title='bbox 230 3417 295 3484; x_wconf 81' lang='lat' dir='ltr'>„Cui</span> <span class='ocrx_word' id='word_1_276' title='bbox 314 3421 411 3471; x_wconf 86' lang='lat' dir='ltr'>scilicet</span> <span class='ocrx_word' id='word_1_277' title='bbox 428 3411 556 3470; x_wconf 84' lang='lat' dir='ltr'>Ecclesiae</span> <span class='ocrx_word' id='word_1_278' title='bbox 575 3429 600 3470; x_wconf 90' lang='lat' dir='ltr'>et</span> <span class='ocrx_word' id='word_1_279' title='bbox 618 3424 638 3471; x_wconf 87' lang='lat' dir='ltr'>si</span> <span class='ocrx_word' id='word_1_280' title='bbox 658 3425 739 3472; x_wconf 89' lang='lat' dir='ltr'>omnia</span> <span class='ocrx_word' id='word_1_281' title='bbox 759 3421 919 3474; x_wconf 83' lang='lat' dir='ltr'>Sacramenta</span> <span class='ocrx_word' id='word_1_282' title='bbox 939 3431 995 3473; x_wconf 78' lang='lat' dir='ltr'>scint</span> <span class='ocrx_word' id='word_1_283' title='bbox 1011 3425 1150 3484; x_wconf 82' lang='lat' dir='ltr'>eetrrmissa,</span> <span class='ocrx_word' id='word_1_284' title='bbox 1167 3427 1301 3488; x_wconf 76' lang='lat' dir='ltr'>potissime</span> 
     </span>
     <span class='ocr_line' id='line_1_32' title="bbox 231 3506 1300 3577; baseline -0.003 -18"><span class='ocrx_word' id='word_1_285' title='bbox 231 3507 418 3559; x_wconf 80' lang='lat' dir='ltr'>Sacramentum</span> <span class='ocrx_word' id='word_1_286' title='bbox 446 3506 556 3574; x_wconf 84' lang='lat' dir='ltr'>conjugii</span> <span class='ocrx_word' id='word_1_287' title='bbox 583 3509 745 3558; x_wconf 77' lang='lat' dir='ltr'>comminuam</span> <span class='ocrx_word' id='word_1_288' title='bbox 772 3518 809 3559; x_wconf 88' lang='lat' dir='ltr'>est</span> <span class='ocrx_word' id='word_1_289' title='bbox 836 3511 1001 3577; x_wconf 71' lang='lat' dir='ltr'>reguilandum</span> <span class='ocrx_word' id='word_1_290' title='bbox 1030 3515 1131 3575; x_wconf 83' lang='lat' dir='ltr'>prepter</span> <span class='ocrx_word' id='word_1_291' title='bbox 1156 3509 1300 3568; x_wconf 81' lang='lat' dir='ltr'>varietates,</span> 
     </span>
     <span class='ocr_line' id='line_1_33' title="bbox 230 3591 1301 3661; baseline -0.004 -15"><span class='ocrx_word' id='word_1_292' title='bbox 230 3609 296 3661; x_wconf 79' lang='lat' dir='ltr'>quae</span> <span class='ocrx_word' id='word_1_293' title='bbox 313 3597 381 3644; x_wconf 85' lang='lat' dir='ltr'>circa</span> <span class='ocrx_word' id='word_1_294' title='bbox 398 3592 447 3644; x_wconf 81' lang='lat' dir='ltr'>lanc</span> <span class='ocrx_word' id='word_1_295' title='bbox 464 3593 651 3644; x_wconf 83' lang='lat' dir='ltr'>Sacramentum</span> <span class='ocrx_word' id='word_1_296' title='bbox 677 3592 790 3644; x_wconf 84' lang='lat' dir='ltr'>incidere</span> <span class='ocrx_word' id='word_1_297' title='bbox 809 3604 927 3661; x_wconf 82' lang='lat' dir='ltr'>possunt,</span> <span class='ocrx_word' id='word_1_298' title='bbox 951 3603 976 3645; x_wconf 83' lang='lat' dir='ltr'>el</span> <span class='ocrx_word' id='word_1_299' title='bbox 994 3603 1093 3660; x_wconf 85' lang='lat' dir='ltr'>propter</span> <span class='ocrx_word' id='word_1_300' title='bbox 1117 3591 1231 3644; x_wconf 82' lang='lat' dir='ltr'>morbum</span> <span class='ocrx_word' id='word_1_301' title='bbox 1252 3609 1301 3644; x_wconf 87' lang='lat' dir='ltr'>an-</span> 
     </span>
     <span class='ocr_line' id='line_1_34' title="bbox 232 3677 1300 3746; baseline 0 -16"><span class='ocrx_word' id='word_1_302' title='bbox 232 3697 338 3741; x_wconf 82' lang='lat' dir='ltr'>nexunt,</span> <span class='ocrx_word' id='word_1_303' title='bbox 362 3681 405 3746; x_wconf 91' lang='lat' dir='ltr'>qui</span> <span class='ocrx_word' id='word_1_304' title='bbox 424 3687 463 3729; x_wconf 87' lang='lat' dir='ltr'>est</span> <span class='ocrx_word' id='word_1_305' title='bbox 481 3679 588 3728; x_wconf 81' lang='lat' dir='ltr'>maxime</span> <span class='ocrx_word' id='word_1_306' title='bbox 606 3677 754 3740; x_wconf 85' lang='lat' dir='ltr'>inlectivus,</span> <span class='ocrx_word' id='word_1_307' title='bbox 778 3687 803 3730; x_wconf 90' lang='lat' dir='ltr'>el</span> <span class='ocrx_word' id='word_1_308' title='bbox 820 3683 922 3731; x_wconf 80' lang='lat' dir='ltr'>mininie</span> <span class='ocrx_word' id='word_1_309' title='bbox 945 3689 1033 3730; x_wconf 86' lang='lat' dir='ltr'>tenens</span> <span class='ocrx_word' id='word_1_310' title='bbox 1052 3677 1166 3740; x_wconf 88' lang='lat' dir='ltr'>modum;</span> <span class='ocrx_word' id='word_1_311' title='bbox 1194 3687 1220 3728; x_wconf 83' lang='lat' dir='ltr'>et</span> <span class='ocrx_word' id='word_1_312' title='bbox 1242 3680 1300 3730; x_wconf 85' lang='lat' dir='ltr'>ideo</span> 
     </span>
     <span class='ocr_line' id='line_1_35' title="bbox 232 3763 1301 3832; baseline 0.002 -18"><span class='ocrx_word' id='word_1_313' title='bbox 232 3767 308 3832; x_wconf 89' lang='lat' dir='ltr'>ipsius</span> <span class='ocrx_word' id='word_1_314' title='bbox 320 3764 450 3816; x_wconf 83' lang='lat' dir='ltr'>Ecclesiae</span> <span class='ocrx_word' id='word_1_315' title='bbox 469 3773 515 3826; x_wconf 80' lang='lat' dir='ltr'>est,</span> <span class='ocrx_word' id='word_1_316' title='bbox 534 3763 627 3832; x_wconf 84' lang='lat' dir='ltr'>gradus</span> <span class='ocrx_word' id='word_1_317' title='bbox 647 3767 824 3831; x_wconf 77' lang='lat' dir='ltr'>cognationum</span> <span class='ocrx_word' id='word_1_318' title='bbox 844 3767 956 3825; x_wconf 75' lang='lat' dir='ltr'>limitare,</span> <span class='ocrx_word' id='word_1_319' title='bbox 976 3768 1041 3815; x_wconf 75' lang='lat' dir='ltr'>eierat</span> <span class='ocrx_word' id='word_1_320' title='bbox 1059 3780 1104 3832; x_wconf 90' lang='lat' dir='ltr'>pro</span> <span class='ocrx_word' id='word_1_321' title='bbox 1123 3773 1237 3831; x_wconf 74' lang='lat' dir='ltr'>temptne</span> <span class='ocrx_word' id='word_1_322' title='bbox 1257 3783 1301 3816; x_wconf 85' lang='lat' dir='ltr'>ex-</span> 
     </span>
     <span class='ocr_line' id='line_1_36' title="bbox 231 3849 1299 3920; baseline 0.001 -18"><span class='ocrx_word' id='word_1_323' title='bbox 231 3851 320 3918; x_wconf 82' lang='lat' dir='ltr'>pedire</span> <span class='ocrx_word' id='word_1_324' title='bbox 337 3849 427 3912; x_wconf 83' lang='lat' dir='ltr'>debet,</span> <span class='ocrx_word' id='word_1_325' title='bbox 451 3859 477 3900; x_wconf 83' lang='lat' dir='ltr'>et</span> <span class='ocrx_word' id='word_1_326' title='bbox 495 3865 617 3914; x_wconf 83' lang='lat' dir='ltr'>personas</span> <span class='ocrx_word' id='word_1_327' title='bbox 634 3849 759 3918; x_wconf 82' lang='lat' dir='ltr'>legitimas</span> <span class='ocrx_word' id='word_1_328' title='bbox 782 3859 807 3902; x_wconf 85' lang='lat' dir='ltr'>et</span> <span class='ocrx_word' id='word_1_329' title='bbox 824 3853 964 3920; x_wconf 66' lang='lat' dir='ltr'>illegitimae</span> <span class='ocrx_word' id='word_1_330' title='bbox 985 3849 1128 3914; x_wconf 63' lang='lat' dir='ltr'>jadimre‘*</span> <span class='ocrx_word' id='word_1_331' title='bbox 1159 3850 1183 3901; x_wconf 88' lang='lat' dir='ltr'>S.</span> <span class='ocrx_word' id='word_1_332' title='bbox 1203 3850 1299 3903; x_wconf 76' lang='lat' dir='ltr'>Bonan.</span> 
     </span>
     <span class='ocr_line' id='line_1_37' title="bbox 231 3935 1001 4005; baseline 0 -18"><span class='ocrx_word' id='word_1_333' title='bbox 231 3936 354 4005; x_wconf 73' lang='lat' dir='ltr'>brevilog.</span> <span class='ocrx_word' id='word_1_334' title='bbox 372 3937 405 3987; x_wconf 86' lang='lat' dir='ltr'>de</span> <span class='ocrx_word' id='word_1_335' title='bbox 422 3937 530 3986; x_wconf 75' lang='lat' dir='ltr'>matrim.</span> <span class='ocrx_word' id='word_1_336' title='bbox 548 3935 585 3986; x_wconf 89' lang='lat' dir='ltr'>ad</span> <span class='ocrx_word' id='word_1_337' title='bbox 598 3935 682 3987; x_wconf 83' lang='lat' dir='ltr'>duem.</span> <span class='ocrx_word' id='word_1_338' title='bbox 999 3957 1001 3962; x_wconf 56' lang='lat'><strong><em>¹</em></strong></span> 
     </span>
    </p>

    <p class='ocr_par' dir='ltr' id='par_1_9' title="bbox 189 4021 1300 4090">
     <span class='ocr_line' id='line_1_38' title="bbox 189 4021 1300 4090; baseline -0.002 -14"><span class='ocrx_word' id='word_1_339' title='bbox 189 4023 212 4090; x_wconf 84' lang='lat'>³)</span> <span class='ocrx_word' id='word_1_340' title='bbox 232 4021 291 4087; x_wconf 79' lang='lat' dir='ltr'>„stc</span> <span class='ocrx_word' id='word_1_341' title='bbox 315 4021 379 4074; x_wconf 80' lang='lat' dir='ltr'>nihil</span> <span class='ocrx_word' id='word_1_342' title='bbox 404 4023 516 4075; x_wconf 74' lang='lat' dir='ltr'>innuat</span> <span class='ocrx_word' id='word_1_343' title='bbox 540 4021 654 4074; x_wconf 76' lang='lat' dir='ltr'>Ecclesia</span> <span class='ocrx_word' id='word_1_344' title='bbox 677 4037 692 4073; x_wconf 87' lang='lat' dir='ltr'>a</span> <span class='ocrx_word' id='word_1_345' title='bbox 716 4021 818 4076; x_wconf 76' lang='lat' dir='ltr'>Glrrlste</span> <span class='ocrx_word' id='word_1_346' title='bbox 842 4023 1025 4088; x_wconf 58' lang='lat' dir='ltr'>resumptum</span> <span class='ocrx_word' id='word_1_347' title='bbox 1048 4030 1075 4075; x_wconf 81' lang='lat' dir='ltr'>et</span> <span class='ocrx_word' id='word_1_348' title='bbox 1097 4021 1300 4088; x_wconf 74' lang='lat' dir='ltr'>determinatum,</span> 
     </span>
    </p>
   </div>
   <div class='ocr_carea' id='block_1_4' title="bbox 0 0 1376 4660">
    <p class='ocr_par' dir='ltr' id='par_1_10' title="bbox 0 0 1376 4660">
     <span class='ocr_line' id='line_1_39' title="bbox 0 0 1376 4660; baseline 0 0"><span class='ocrx_word' id='word_1_349' title='bbox 0 0 1376 4660; x_wconf 95' lang='lat' dir='ltr'> </span> 
     </span>
    </p>
   </div>
  </div>
 </body>
</html>
