2742 4660
306 225 345 284 De
361 229 547 300 impedimentis
564 221 758 297 inpedientibus
775 227 802 282 iu
819 231 914 298 specie.
1136 209 1178 283 49

47 392 222 452 sententiam
245 406 314 452 esse
342 389 514 466 ferendam,
545 387 583 450 ob
605 405 672 448 eam
699 386 882 469 singularem
911 389 1058 450 mdonem
1088 388 1179 469 quod,

47 511 112 554 cum
144 497 332 556 matrimonia
355 491 483 554 debeant
511 507 580 554 esso
607 491 714 568 libera,
749 508 816 570 pars
843 488 1003 568 repudians
1032 492 1181 556 monenda

48 600 91 656 est
104 599 211 674 potius,
230 615 319 676 quam
335 594 481 678 cogenda,
499 613 566 656 cum
585 599 779 672 „coactiones
794 591 931 654 dilliciles
950 593 1067 656 soleant
1082 599 1181 670 exitus

47 697 220 779 frequenter
241 696 423 774 habere“.¹)
445 733 490 746 -
510 696 637 776 lnsuper
658 694 821 759 notandum
843 699 904 772 est,
929 699 955 758 si
977 702 1182 760 controversia

48 800 83 861 de
105 805 186 864 initis
215 802 405 882 sponsalibus
432 801 470 862 ad
497 799 630 880 J'utlicem
660 799 807 876 defertur,
840 802 955 877 partem
984 797 1182 862 affirmantem

48 921 123 965 uuus
151 903 294 983 probandi
323 904 451 982 habere,
483 909 514 965 et
540 902 662 983 quidem
691 920 745 982 per
772 907 863 964 testes
892 891 982 964 omui'
1004 905 1182 982 exceptione

47 1007 183 1086 majores,
209 1007 316 1086 quibus
330 1004 538 1069 deficientibus
557 1007 643 1085 juxta
658 1005 796 1068 Ganones
819 1022 970 1084 nunquam
985 1010 1085 1066 tamen
1106 1023 1183 1067 cau·-

48 1127 108 1170 sam
132 1109 243 1172 dicenti
262 1111 466 1192 Jurameutum
489 1109 526 1172 ad
550 1107 755 1190 probationem
778 1107 975 1171 deferendum
998 1105 1087 1184 est.²)

567 1317 595 1386 ς.
620 1309 670 1376 16.

369 1441 421 1502 De
440 1441 619 1502 effectibus
637 1441 862 1517 sponsalium.

133 1577 157 1640 l.
182 1580 255 1642 Tres
277 1586 360 1658 suut,
389 1586 421 1642 ut
445 1581 509 1662 jam
531 1585 699 1662 innuimus,
727 1586 879 1664 praecipui
901 1581 1084 1662 sponsalium
1107 1577 1185 1642 elle-

50 1689 131 1759 ctus,
156 1681 312 1746 videlicet:

80 1785 113 1860 l)
134 1783 180 1846 Ex
197 1786 268 1866 jure
291 1787 427 1862 naturali,
452 1791 580 1870 urgente
602 1791 726 1866 insuper
747 1786 817 1872 lege
840 1789 1061 1866 ecclesiastica,
1091 1805 1186 1869 spon-

132 1889 206 1952 salia
237 1893 294 1950 rite
323 1895 476 1952 contracta
503 1907 627 1972 gravem
659 1889 805 1953 inducunt
834 1892 1048 1975 obligationem
1078 1895 1185 1952 matri-

135 1994 268 2053 monium
287 1991 479 2054 contruhendi
500 1998 632 2072 tempore
653 1996 685 2053 in
701 1999 855 2056 contractu
870 1994 1003 2076 praefixo
1009 2013 1019 2070 ;
1041 1998 1066 2058 si
1085 2000 1186 2056 autem

137 2093 251 2156 nullum
271 2100 386 2176 tempus
409 2093 499 2158 luerit
521 2095 762 2172 determinatum,
785 2102 1017 2178 quamprimum
1040 2114 1187 2176 unapars

134 2196 350 2258 rationabiliter
373 2201 476 2280 exigit.
521 2197 608 2261 Ratio
632 2198 852 2280 paucisne.
876 2201 1040 2264 declaravit
1060 2204 1093 2260 in
1116 2215 1188 2260 casu

135 2299 325 2380 particulari:
367 2299 533 2378 „Monendi
565 2307 635 2364 sunt
666 2305 786 2384 sponsi,
821 2311 854 2366 ut
884 2303 969 2368 lactis
1002 2301 1188 2384 sponsalibus

136 2421 229 2481 quum
248 2404 384 2482 primum
406 2403 583 2466 contrahunt
606 2392 826 2467 matrimonium
849 2423 904 2485 per
923 2407 1014 2468 verba
1036 2407 1074 2467 de
1096 2423 1190 2486 prae-

138 2510 219 2567 senti
241 2524 341 2568 coram
357 2505 486 2586 parocho
506 2513 537 2568 et
555 2507 690 2586 testibus,
714 2525 754 2569 nc
772 2525 901 2588 sponsae
922 2507 980 2574 hoc
994 2514 1088 2590 stupri
1105 2512 1190 2590 peri-

138 2608 239 2670 culum
262 2607 429 2685 subcant.³)

84 2711 117 2787 2)
140 2711 293 2792 Sponsulia
321 2711 466 2775 inducunt
493 2713 740 2794 impedimentum
768 2717 936 2796 impediens
966 2717 1189 2792 matrimonium

92 2812 104 2824 '
139 2834 195 2879 seu
219 2813 389 2895 prohibenS,
412 2833 451 2877 ne
474 2820 695 2879 matrimonium
712 2835 779 2879 cum
794 2819 850 2880 alia
864 2835 992 2899 persona
1010 2819 1091 2879 licite
1113 2835 1191 2882 con-

139 2917 283 2995 trabatur,
307 2922 370 2980 nisi·
380 2919 528 2998 sponsalia
550 2919 687 3002 legitima
701 2918 776 2982 lacta
799 2920 909 2982 luerint
931 2921 1066 3005 legitime
1089 2919 1191 2982 disso-

138 3019 221 3095 luta;
244 3026 361 3083 constat
383 3040 421 3083 ex
438 3023 508 3104 jure
530 3023 671 3098 naturali;
699 3027 799 3086 existit
822 3027 901 3084 enim
924 3027 1026 3106 gravis
1048 3021 1192 3104 obligatio

134 3121 284 3204 justitiae,
304 3123 402 3186 standi
416 3131 588 3190 contractus
604 3144 734 3192 oneroso
749 3127 832 3208 juste
847 3129 920 3190 iuito
928 3145 938 3203 ;
953 3132 977 3190 si
996 3131 1062 3208 quis
1080 3132 1192 3202 autem,

140 3244 204 3291 nou
221 3225 356 3288 obstante
372 3227 423 3290 illo
441 3229 664 3309 impedimento,
690 3233 911 3292 matrimonium
927 3227 1091 3303 contrahat,
1113 3229 1194 3290 uali-

141 3329 214 3392 dum
237 3329 358 3410 quidem
381 3335 455 3410 erit,
479 3349 540 3396 non
562 3339 665 3396 tamen
686 3332 810 3395 licitum.

88 3430 120 3509 3)
143 3432 298 3513 Sponsulia
328 3433 472 3497 inducunt
493 3435 738 3517 impedimentum
765 3433 909 3497 dirimens
931 3435 1067 3514 publicae
1096 3433 1194 3496 bone-

66 3593 267 3604 m

91 3683 111 3748 ¹)
129 3681 194 3750 Gap.
212 3697 244 3733 ex
267 3682 312 3732 litt.
338 3681 378 3733 11.
396 3679 427 3732 ii.
445 3681 477 3732 de
500 3697 586 3748 spons.
604 3682 700 3750 impub.
718 3671 760 3736 tv'.
779 3685 803 3734 2.
828 3681 931 3734 Berardl
949 3680 1088 3732 Commeat.
1106 3679 1131 3727 in
1149 3673 1194 3727 lus

127 3768 191 3820 Gan.
209 3785 234 3834 p.
252 3767 296 3818 tlt.
315 3785 339 3834 p.
358 3769 400 3820 50.
418 3766 508 3835 lluopp
527 3785 552 3835 p.
570 3769 629 3820 322.
647 3797 681 3806 -—
699 3765 869 3836 Van-Espem
891 3783 916 3834 p.
935 3767 966 3818 ti.
984 3772 1043 3817 sect.
1061 3764 1080 3815 l.
1099 3765 1135 3813 tiu
1155 3762 1195 3813 12.

128 3869 150 3904 c.
170 3855 195 3905 2.
213 3853 246 3903 de
263 3867 348 3920 spons.

91 3940 112 4003 ²)
130 3938 194 4007 Gap.
204 3938 293 3991 llulisr
304 3940 346 3991 at.
358 3937 387 3989 X.
401 3938 433 3989 de
447 3938 553 4003 jurejur.
565 3936 597 3990 ti.
609 3939 651 3991 24.
669 3937 759 4006 lluopp
770 3939 829 3990 317.
843 3938 876 3989 cl.
885 3936 942 3989 Ges.
953 3935 1026 3987 xiv,
1044 3933 1101 3988 (las.
1111 3931 1195 3984 illiti.

93 4025 115 4091 ³)
132 4025 223 4095 lluopp
242 4043 267 4093 p.
285 4026 344 4077 350.
363 4025 395 4077 ci.
413 4024 469 4076 Cas.
488 4022 582 4075 xuvtt.

107 4126 302 4172 consumente.
405 4175 407 4183 ,
968 4105 989 4171 d
