2764 4664
441 199 521 252 Caena
538 199 745 254 matrimoniales.

30 357 157 435 fideles3
191 356 343 420 vinculum
374 363 474 420 autern
498 356 666 439 hujusmodi
696 363 877 421 matrimonii
908 364 954 421 est
977 356 1082 420 fortius
1105 363 1177 420 vin-

31 461 101 523 culo
115 463 296 524 matrimonii
321 463 516 521 consummati
539 457 716 524 infidelium.
742 479 817 545 ergo
832 467 930 540 potest
952 445 1039 522 etiam
1063 461 1177 524 dissol-

30 581 106 626 vere
130 569 281 628 vinculum
306 568 486 626 matrimonii
510 566 539 624 in
564 562 738 626 infidelitate
759 568 972 642 consummati,
997 569 1088 646 quia,
1121 570 1172 645 qni

32 668 133 747 majus
156 673 265 748 potest,
290 670 460 729 necessario
484 671 573 728 etiam
597 672 696 729 minus
719 665 840 756 eiiieere
864 667 950 727 valet.

121 769 157 844 2)
181 769 295 832 Summi
320 772 477 832 Ponttiiees
501 769 691 849 dispensant,
725 777 757 832 ut
777 767 906 830 infidelis
928 767 963 829 ad
988 769 1077 832 fidem
1099 790 1177 832 eon-

31 891 143 934 versus
165 877 260 954 possit
282 891 438 936 remanere
468 889 536 934 eum
560 889 595 932 ea
619 889 731 949 uxore,
763 891 841 952 quae
861 871 951 932 ‘sidem
985 873 1175 936 christianam
1224 849 1230 866 ⁸

32 974 175 1054 amplexa
198 977 261 1053 est,
286 975 428 1037 derelicta
452 980 561 1054 prima,
585 993 661 1053 quae
684 980 716 1036 in
737 975 914 1036 infidelitate
938 981 1113 1054 permansit,
1145 983 1178 1038 ut

36 1077 209 1140 desumitur
231 1095 269 1139 ax
292 1077 379 1138 Brevi
402 1076 431 1140 S.
454 1077 495 1138 Pii
508 1076 541 1139 V.
565 1076 615 1136 die
638 1077 667 1138 2.
690 1077 769 1160 Aug.
799 1077 895 1152 15113
917 1077 1081 1160 Gregorius
1105 1077 1176 1138 i'ii.

33 1182 71 1242 ad
105 1182 247 1243 ulteriora
272 1179 477 1259 procedendo,
511 1177 606 1240 n'alida
633 1185 665 1239 et
692 1180 776 1241 firma
806 1179 968 1243 declararit
991 1186 1079 1244 etiam
1103 1180 1179 1243 lineo

35 1288 227 1346 matrimonia
251 1289 402 1346 eontracta
426 1283 462 1344 ab
486 1279 596 1344 infideli
611 1299 758 1344 converso
781 1301 847 1344 cunr
861 1285 987 1346 muliere
1003 1283 1174 1360 christiana,

35 1391 156 1448 etiamsi
181 1385 290 1448 deinde
313 1387 498 1465 probaretur,
523 1391 648 1466 primam
672 1387 834 1466 conjugem
860 1403 917 1447 non
936 1392 1069 1467 potuisse
1088 1387 1178 1466 justis

35 1491 76 1552 de
100 1495 199 1551 causis
222 1507 307 1552 suam
330 1489 511 1550 voluntatem
535 1488 702 1568 explicare,
737 1494 767 1547 et
791 1493 895 1566 etiam,
928 1487 1008 1568 quod
1030 1493 1093 1568 ipsa
1115 1505 1177 1550 nou

34 1593 164 1672 amplius
188 1597 252 1652 erat
283 1591 429 1666 infidelis,
464 1591 516 1652 sed
547 1591 643 1652 fidelis
674 1597 810 1669 tempore
841 1591 964 1653 secundi
996 1595 1176 1652 matrimonii

38 1702 206 1770 eontracti3
229 1711 319 1778 ergo,
352 1712 419 1754 euin
443 1691 500 1754 hoc
523 1693 587 1754 lieri
612 1711 672 1756 non
696 1695 808 1773 valeat,
833 1698 889 1758 nisi
914 1693 1058 1756 dissoluto
1081 1694 1178 1775 quoad

37 1798 192 1859 vinculum
225 1802 319 1877 primo
350 1801 538 1858 matrimonio
565 1801 596 1857 in
619 1795 793 1858 infidelitate
821 1802 989 1874 contracto,
1021 1815 1059 1857 eo
1083 1802 1178 1880 magis

36 1905 150 1963 oreseit
172 1906 367 1980 assumptum,
392 1901 497 1960 laneus
519 1899 693 1960 Ponttiieiae
715 1903 853 1978 potestati
884 1900 921 1960 ad
944 1899 1177 1980 dispensandum

36 2021 131 2083 super
153 2007 342 2065 matrimonio
364 2001 529 2063 infidelium
553 2002 623 2064 lieet
645 2009 861 2064 consummato.
906 2001 965 2063 Alii
988 2007 1111 2063 econtra
1133 2007 1178 2064 sio

35 2106 224 2168 discurrunt:
248 2107 468 2168 Matrimonium
492 2123 577 2166 sunm
593 2107 722 2168 obtinuit
743 2103 1034 2167 indissolubilitatem
1058 2111 1178 2186 inipso

36 2208 142 2270 mundi
165 2211 311 2289 principio
335 2225 373 2268 ex
393 2209 463 2288 jure
486 2207 611 2270 naturali
635 2207 753 2286 divino,
789 2214 819 2268 et
841 2207 950 2270 deinde
970 2225 1012 2268 ex
1034 2207 1178 2290 Evange-

36 2312 114 2390 lico,
148 2312 253 2373 saltem
284 2309 382 2390 quoad
414 2313 636 2373 matrimonium
671 2317 924 2389 consummatum3
952 2310 1027 2372 haee
1056 2312 1175 2392 quidem

35 2414 285 2476 indissolubilius
308 2431 368 2474 non
392 2420 542 2492 operatur,
566 2419 637 2496 qrrin
657 2420 689 2476 in
713 2415 814 2495 aliquo
836 2433 908 2478 oasu
925 2417 1018 2494 possit
1040 2415 1174 2492 dissolvi,

37 2517 94 2578 sed
118 2523 247 2597 oportet,
273 2521 305 2577 ui
326 2513 375 2577 bic
397 2533 485 2578 casus
506 2521 545 2578 sit
553 2533 717 2598 expressus
739 2518 833 2590 abeo,
858 2522 908 2598 qul
927 2521 1050 2597 primam
1074 2521 1177 2579 statuit

37 2618 349 2696 indissolubilium,
382 2623 495 2700 quique
523 2627 621 2701 potest
651 2621 732 2681 dioto
758 2622 819 2702 juri
846 2620 1014 2702 derogare,
1046 2637 1177 2701 eumque

38 2723 128 2802 hujus
151 2724 262 2784 vinculi
290 2722 479 2785 dissolutioni
510 2724 593 2786 solus
616 2723 716 2785 l'areat
742 2729 844 2785 textus
866 2723 970 2804 Aposl.
1005 2722 1018 2784 i
1043 2724 1112 2786 Cor.
1136 2725 1177 2804 7,

39 2831 126 2886 extra
148 2823 228 2886 huno
250 2843 350 2887 casum
374 2826 451 2886 solvi
475 2843 535 2889 von
559 2831 667 2907 potest.
692 2861 731 2870 -—
753 2827 856 2888 sixtus
870 2825 903 2887 V.
929 2830 1035 2888 merito
1057 2831 1089 2888 in
1104 2845 1178 2889 oasu

39 2933 191 3009 praesenti
225 2929 374 2992 oonsirnili
404 2934 524 3010 petitam
554 2929 806 3009 dispensationem
836 2928 1005 2991 concedere
1032 2927 1128 2992 noluit
1150 2951 1176 2991 a.

43 3029 137 3107 1588,
163 3035 195 3090 ut
225 3037 348 3094 testatur
370 3033 522 3111 Vasquez,
554 3039 624 3095 tom.
649 3032 696 3093 iv.
718 3032 800 3112 disp.
825 3033 853 3095 2.
878 3053 904 3094 e.
929 3030 957 3095 6.
982 3051 1010 3094 n.
1035 3030 1085 3095 58.
1130 3031 1177 3093 ai

41 3139 174 3197 rationes
204 3139 358 3215 oppositae
388 3141 556 3197 sententiae
585 3135 776 3216 respondent.
825 3139 858 3212 l)
886 3133 951 3198 Non
975 3141 1108 3214 constat,
1140 3155 1177 3198 an

41 3239 194 3300 vinculum
218 3241 397 3300 matrimonii
421 3243 476 3301 rati
500 3243 539 3300 sit
560 3239 696 3300 absolute
719 3239 833 3300 firmius
856 3241 977 3301 vinculo
998 3244 1177 3302 matrimonii

41 3344 242 3404 consummati
265 3341 441 3404 infidelium.
474 3339 511 3417 2)
534 3340 646 3403 Summi
663 3341 820 3404 Pontiiices
843 3345 872 3403 in
895 3343 1033 3425 allegatis
1055 3342 1178 3404 indultis

41 3463 103 3507 non
126 3443 378 3524 dispensaverunt
399 3461 490 3526 super
512 3447 632 3506 vinculo
656 3449 764 3524 prioris
788 3449 980 3519 matrimonii,
1004 3445 1057 3506 sed
1080 3449 1176 3524 privi-

41 3550 155 3632 legium
187 3551 218 3608 iu
252 3547 385 3609 favorem
419 3546 488 3609 fidel
518 3568 534 3612 a
562 3547 681 3610 Christo
709 3549 840 3610 Domino
868 3563 1048 3610 concessum
1079 3555 1109 3609 et
1139 3547 1177 3609 ab

40 3649 188 3733 Apostoio
211 3650 431 3732 promulgatum
458 3650 472 3713 1
497 3651 730 3716 (lenaeum
762 3649 837 3712 datis
866 3655 1097 3714 eiroumslantiis
1119 3650 1178 3712 ad·

40 3751 219 3817 mittendum
241 3771 311 3815 esse
334 3750 576 3832 decreueruntb.

65 3997 90 4068 1)
110 3995 242 4048 Dissertat.
260 3991 434 4047 Benedrxlv.
448 3995 473 4047 in
487 3993 597 4047 thesaur.
609 3994 712 4048 resolui.
727 4001 788 4047 tom.
799 3993 840 4047 iv.
852 4013 875 4064 p.
893 3995 925 4048 30
949 4001 974 4047 et
987 4001 1040 4064 leq.
1162 4075 1178 4084 -
