2758 4664
446 213 482 267 Do
500 210 589 268 Gemit
607 209 840 266 matrimonialibus.
1105 259 1111 266 .
1149 196 1213 262 217

164 367 266 449 plures
287 367 434 453 allegatae
456 375 535 448 sint,
560 377 591 439 et
614 389 672 436 una
695 369 778 446 lalsa,
802 368 896 432 altera
918 386 990 432 vera
1003 373 1062 450 ¹stt,
1085 369 1215 450 dispas*

167 476 244 534 satio
267 471 355 547 valet,
380 461 409 535 si⁸
429 475 580 554 quaelibet
601 477 728 536 seorsim
751 478 868 552 sumpta
892 471 1045 534 sulliolens
1068 472 1159 534 luerit
1180 473 1219 536 ad

165 574 422 655 dispensationem
445 577 675 657 impetrandam3
709 593 799 638 seous
821 581 940 653 autem,
971 579 997 638 si
1030 577 1148 638 nonnisi
1171 579 1219 638 sl-

169 678 229 740 mul
246 685 390 759 sumptae.
424 677 516 742 Porro
538 697 576 742 an
598 697 688 742 eausa
710 678 838 762 allegata
861 682 900 740 stt
922 679 1080 759 impulsiva
1092 684 1216 756 tantum,

168 799 207 844 an
230 799 302 843 vero
333 785 457 859 motiua,
492 781 645 866 colligitur
677 799 716 846 ert
747 779 943 860 sequentibus
979 782 1107 866 regulis:
1137 786 1169 855 a)
1191 786 1218 846 st

168 903 226 946 una
251 889 362 946 tantum
385 883 513 969 allegata
537 889 594 964 sit,
628 885 680 948 illa
711 888 826 948 motion
848 889 966 948 censeri
990 885 1101 962 debet,
1135 884 1170 957 li)
1192 889 1218 948 si

169 987 270 1068 plures
292 981 440 1070 a'llegatee
463 993 534 1067 sint,
556 993 587 1052 in
610 989 768 1052 eonsilium
790 987 982 1052 adducendae
1003 992 1219 1050 suntetrouaa-

170 1093 297 1153 stantiae
319 1090 483 1172 liesrripti,
515 1098 545 1153 ot
576 1095 704 1156 maxime
728 1092 823 1172 stylus
846 1097 876 1152 et
898 1090 1085 1154 consuetudo
1108 1090 1218 1154 Curiae

171 1194 341 1270 Romanae,
374 1198 405 1268 o)
427 1199 470 1271 si,
504 1194 644 1260 omnibus
666 1187 881 1272 consideratis,
914 1199 1068 1256 remaneat
1094 1192 1218 1256 dubium

171 1313 211 1358 ex
233 1303 359 1378 utraque
383 1297 686 1378 parte'aequale,=ex
709 1301 867 1377 prineipio,
891 1295 1219 1378 quodindubioprae·

167 1398 345 1462 sumendum
369 1402 407 1460 sit
429 1418 482 1480 pro
505 1400 606 1464 valore
630 1406 724 1478 nutus,
749 1399 823 1462 salso
846 1399 1004 1484 allegatam
1029 1417 1082 1480 pro
1104 1397 1218 1480 impul=

170 1505 233 1564 siva
255 1506 370 1562 teritum
394 1499 497 1566 haberi
521 1504 657 1586 plerique
680 1501 831 1580 volunt.¹)

110 1622 147 1692 2)
171 1621 288 1684 Veritas
311 1627 409 1684 autem
435 1641 591 1686 causarum
616 1623 746 1686 finalium
770 1628 835 1686 sire
858 1641 972 1699 earum,
1001 1638 1079 1703 quae
1103 1625 1218 1703 prinei-

167 1726 425 1807 palitermovent
455 1725 626 1789 Pontificem
661 1727 698 1788 ad
729 1725 998 1806 dispensationem,
1034 1743 1095 1787 non
1129 1724 1217 1788 modo

168 1836 301 1908 tempere
324 1832 534 1908 executionis,
558 1849 617 1912 quo
641 1829 817 1894 Ordiuarius
840 1829 888 1893 vel
910 1830 1113 1894 conlessarius
1136 1845 1215 1892 oxo-

165 1937 266 2013 quitur
288 1932 389 1996 literas
410 1933 559 1998 lirrrnanas
582 1938 612 1997 et
634 1937 761 2016 gratiam
784 1932 1015 2013 dispensationis
1038 1935 1216 2013 impertitur,

165 2051 363 2116 perseverare
387 2042 438 2099 aut
461 2042 594 2098 existere
617 2041 745 2116 oportet,
770 2037 824 2098 sed
847 2041 1084 2117 etiamtempore
1107 2042 1218 2098 treus—

165 2139 324 2202 missionis
354 2146 384 2200 ot
406 2141 612 2220 expeditionis
635 2139 731 2202 libelli
750 2139 911 2220 suppl=iois5
943 2139 1017 2202 alias
1036 2133 1128 2220 irrita
1161 2141 1219 2202 erit

166 2238 401 2322 dispensatio.²t
445 2241 511 2306 Non
535 2247 635 2306 autem
659 2247 831 2322 requiritur,
856 2249 888 2306 ut
910 2261 1001 2306 eausa
1023 2241 1120 2304 liealis
1144 2259 1218 2321 per·
1252 2311 1254 2315 ,

164 2350 287 2408 sereret
320 2348 472 2426 tempore,
503 2365 563 2427 quo
592 2344 734 2408 Oratores
766 2351 833 2426 post
862 2345 970 2406 laetam
1003 2344 1060 2408 siltt
1088 2349 1216 2428 gratiam

85 2495 92 2506 .
165 2447 398 2528 dispensationis
428 2467 463 2510 ea
497 2455 621 2512 utuntur
643 2446 846 2512 contrahendo
870 2450 1112 2522 matrimonium
1147 2464 1216 2512 naut

162 2550 410 2630 impedimentum
436 2556 558 2614 nrinime
580 2555 735 2616 reviviscit
753 2552 816 2633 jam
839 2551 1022 2627 relaxatum,
1046 2554 1103 2614 etst
1127 2567 1217 2612 eausa

162 2653 286 2736 posthae
309 2659 481 2719 cessaverit.
496 2651 524 2731 3)

164 2774 199 2836 ll.
224 2773 253 2836 Si
278 2789 369 2835 error
397 2774 435 2835 de
461 2775 529 2838 aliis
560 2781 679 2856 praeter
700 2789 821 2838 oausam
845 2777 1002 2852 irrepserit
1023 2775 1056 2835 in
1080 2769 1215 2834 libellum

72 2880 262 2962 supplicem,
286 2876 531 2961 distinguendum
555 2885 618 2956 est,
653 2882 752 2940 utrum
775 2882 815 2940 sit
837 2876 874 2938 de
899 2880 1021 2938 nomine
1043 2882 1075 2937 et
1096 2893 1217 2960 eogno-

74 2987 157 3045 miue
180 2980 354 3056 Oraturum,
378 2997 415 3041 an
437 2979 476 3042 de
499 2980 566 3044 loeo
588 2973 768 3059 Oratorum',
800 2983 839 3042 ari
868 2979 906 3041 de
927 2978 1143 3060 impedimento
1165 2977 1216 3040 vel

75 3085 173 3170 gradu
195 3082 285 3145 illius.
327 3082 361 3160 l)
394 3082 486 3144 Error
518 3087 651 3148 nominis
684 3083 722 3146 de
753 3083 835 3164 stylo
857 3082 996 3164 et'praxt
1020 3079 1128 3147 Gur'iae
1150 3081 1217 3144 llo-

75 3205 182 3250 manao
205 3191 291 3246 vitiat
311 3186 585 3266 dispensationem,
610 3187 779 3255 utseilieet
802 3191 954 3249 evitentur
978 3187 1115 3264 lraudes,
1139 3202 1216 3266 quae

74 3293 112 3357 ob
137 3293 334 3352 mutationem
358 3293 488 3353 nominis
510 3289 696 3356 intervenire
720 3288 898 3372 possent;⁴)
921 3292 975 3354 sed
989 3296 1014 3354 si
1032 3291 1215 3372 dispensatio

79 3485 288 3510 m

99 3619 1216 3695 ¹ffifflmffimfflmh2fflmmHmmmffiWmfflbfflo

101 3707 1214 3782 ijssmfflmtffll,fidwmmffim“2manWffl.§5.hfflmtpmt

142 3795 372 3862 Ewmpffli

100 3881 123 3947 ³)
142 3881 299 3950 Schmelzgr.
318 3898 375 3933 cum
395 3882 515 3950 plurimis.
534 3887 570 3938 tit.
592 3885 631 3938 16.
650 3900 676 3938 n.
696 3885 752 3940 tet.

98 3963 525 4032 &deffiiaomd
