2736 4660
297 823 467 886 addenda
484 823 530 884 ad
548 826 575 891 s.
593 821 641 884 at.
657 823 732 884 vn:
752 807 789 882 et
806 827 833 892 a.
846 823 903 884 70.
922 825 948 885 1.
967 824 1013 884 ad
1027 823 1085 884 fin.

193 967 221 1017 ln
241 965 349 1017 editione
368 965 446 1015 altera
465 963 583 1032 Excerpt.
603 980 632 1015 ex
644 964 691 1016 ltu.
705 964 776 1016 Rom.
795 963 932 1032 approbata
951 949 1049 1016 alima.
1062 963 1258 1031 archiepiscopo
1290 969 1292 972 “

124 1053 303 1105 Baltimorensi
321 1057 357 1105 sic
374 1055 479 1122 legitur:

194 1140 243 1201 „ln
256 1141 372 1191 ineundis
390 1142 461 1192 istius
476 1139 543 1192 modi
558 1137 665 1202 (mixtis)
677 1137 777 1204 nuptiis,
797 1135 911 1188 Ecclesia
924 1153 953 1188 ea
966 1139 1103 1206 generatim
1122 1136 1258 1188 omittenda

40 1231 43 1238 ’
125 1225 227 1290 indixit,
253 1242 299 1294 per
317 1242 382 1295 quae
402 1225 588 1277 Catholicorum
607 1225 765 1295 matrimonia
784 1223 949 1284 decorantur,
975 1225 1076 1276 inclusis
1102 1225 1176 1276 etiam
1194 1241 1258 1290 pro-

124 1312 329 1364 clamationibus.
368 1310 441 1374 Quod
460 1320 557 1374 avitam,
576 1326 606 1360 ex
625 1312 758 1365 occasione
776 1309 870 1362 decreti
888 1311 954 1360 tertii
974 1309 1078 1362 Concilii
1096 1309 1258 1362 Provincialis

123 1399 313 1451 Baltimoreusis
333 1399 383 1458 Vl„
403 1414 417 1448 a
436 1398 461 1450 S.
481 1397 684 1468 Congregatione
702 1395 728 1446 P.
741 1395 768 1446 F.
788 1399 937 1464 rescriptum
955 1397 1033 1448 luisse
1051 1397 1150 1466 legitur,
1168 1412 1259 1462 nempe

124 1493 151 1535 ut
163 1487 223 1536 sirint
238 1485 448 1552 proclamationes
460 1488 538 1534 etiam
550 1483 650 1552 quaudo
669 1486 759 1547 cipitur
770 1485 800 1532 de
815 1486 989 1534 matrimoniis
999 1487 1098 1546 mistis,
1117 1482 1141 1534 id
1160 1485 1184 1534 in
1204 1485 1260 1549 epi-

123 1571 212 1624 stolam
227 1572 388 1622 amanuensis
407 1571 515 1630 inciiria,
535 1569 656 1622 mendose
675 1571 806 1637 irrepsisse
819 1568 956 1623 declaravit
974 1568 1087 1634 ejusdem
1098 1569 1122 1620 S.
1135 1568 1259 1637 Congreg.

123 1659 284 1710 Secreurius.
303 1685 338 1694 -
355 1655 427 1707 Unde
446 1665 530 1724 patet,
553 1655 763 1724 proclamationes
788 1665 875 1708 contra
897 1672 939 1716 ea,
965 1671 1030 1724 quae
1048 1671 1124 1722 supra
1144 1654 1259 1718 diximus,

125 1747 152 1795 in
171 1744 315 1810 hujusmodi
333 1745 495 1794 matrimoniis
514 1744 616 1794 omuino
635 1759 688 1793 esse
707 1741 885 1794 omittendas.“

375 1919 545 1980 addendo
563 1920 608 1980 ad
626 1925 652 1989 §-
672 1919 726 1980 36.
746 1921 864 1994 quaest.
883 1919 908 1979 1.
928 1920 962 1978 et
980 1919 1010 1978 2.

194 2061 383 2122 sanctissimus,
402 2061 427 2109 in
446 2059 580 2110 Audieutia
600 2060 683 2112 habita
708 2060 748 2110 die
773 2062 815 2112 20.
833 2059 964 2110 Decembr.
986 2061 1052 2111 1837
1059 2096 1066 2122 ‚
1088 2059 1173 2112 audita
1192 2059 1260 2112 rela-

124 2149 192 2197 tione
211 2145 294 2205 dubii,
318 2153 401 2195 utrum
420 2145 527 2208 scilicet,
553 2148 577 2196 in
597 2147 803 2213 praesumptione
825 2144 942 2211 baptismi
965 2146 1076 2197 invalido
1093 2146 1176 2198 collati
1196 2150 1260 2214 parti

124 2233 267 2284 haereticae
292 2234 477 2283 matrimonium
502 2247 560 2282 cum
585 2241 656 2298 parte
675 2231 802 2282 Catholica
827 2231 929 2282 a¹Sede
947 2231 1093 2298 Apostolica
1116 2233 1259 2300 dispensata

126 2322 190 2370 inire
209 2321 331 2386 cupienti,
350 2318 459 2369 conferri
478 2317 569 2369 debeat
586 2319 676 2368 iterum
695 2317 821 2384 baptisma
839 2317 886 2370 sub
902 2318 1053 2379 conditione,
1073 2319 1145 2370 dixit:
1164 2318 1263 2382 „Detur

124 2406 260 2455 Decretum
279 2403 356 2455 latum
376 2405 417 2455 die
438 2405 477 2456 17.
496 2403 650 2472 Septembris
671 2403 749 2464 1830,
770 2411 797 2452 ut
815 2405 941 2472 sequitur:
970 2403 1116 2466 Quaesitum
1139 2413 1204 2466 erat,
1229 2421 1261 2456 au

125 2490 280 2542 calvinistae
299 2499 324 2541 et
342 2490 476 2542 Lutherani
496 2492 521 2540 in
540 2489 589 2540 illis
608 2489 719 2557 partibus
738 2489 872 2557 degentes,
893 2505 999 2558 quorum
1017 2491 1141 2558 baptisma
1159 2491 1261 2544 dubium

124 2585 151 2627 et
170 2584 314 2642 suspectum
334 2586 387 2637 est,
414 2575 527 2626 infideles
547 2574 655 2626 habendi
674 2578 734 2635 siut,
759 2577 793 2626 ita
811 2583 839 2626 ut
856 2579 920 2627 inter
938 2593 981 2628 eos
1005 2585 1028 2627 et
1047 2576 1184 2628 catholicos
1208 2577 1261 2628 dis-

125 2664 238 2730 paritatis
270 2663 351 2714 cnltus
375 2662 581 2730 impedimentum
611 2663 729 2714 dirimens
754 2661 842 2713 adesse
866 2661 1019 2713 censeatur?
1060 2660 1106 2713 Oui
1129 2665 1263 2714 instantiae

124 2763 274 2815 responsum
294 2749 353 2799 luit:

152 2835 180 2900 l)
200 2833 288 2896 Quoad
307 2835 461 2897 haereticos,
481 2850 587 2903 quorum
607 2842 691 2885 sectae
710 2833 810 2885 ritualia
829 2833 1003 2902 praescribunt
1021 2833 1178 2886 collationem
1198 2835 1263 2901 bap-

194 2922 259 2970 tismi
278 2919 372 2989 absque
387 2923 531 2972 necessario
551 2939 598 2973 usu
615 2924 735 2972 materiae
753 2930 778 2972 et
794 2922 889 2972 formae
905 2919 1043 2970 essentialis
1051 2928 1063 2982 ,’
1076 2919 1150 2971 debet
1164 2924 1262 2972 exami-

193 3009 247 3056 nari
266 3023 340 3058 casus
360 3007 526 3074 particularis

146 3096 174 3159 2)
194 3091 283 3155 Quoad
303 3093 379 3154 alios,
400 3095 441 3162 qui
458 3093 532 3157 juxta
550 3108 637 3144 eorum
656 3091 753 3143 ritualia
772 3091 899 3158 baptizant
914 3089 1004 3155 valide,
1023 3093 1134 3145 validum
1154 3109 1262 3144 censen·
1313 3137 1317 3146 .

194 3179 254 3229 dum
278 3195 333 3229 esse
356 3178 489 3245 baptisma.
527 3178 599 3241 Quod
625 3180 645 3228 si
670 3177 773 3228 dnbiunr
799 3179 929 3244 persistat,
954 3181 1029 3228 ctiam
1050 3181 1074 3228 in
1095 3182 1260 3245 primocasu,

195 3265 349 3315 censendum
369 3271 407 3314 cst
425 3264 536 3314 validum
556 3264 680 3330 baptisma
699 3266 725 3314 in
744 3263 832 3314 ordine
851 3263 883 3314 ad
901 3263 1057 3316 validitatem
1077 3267 1238 3316 matrimonii.

147 3353 177 3416 3)
196 3353 220 3402 Si
248 3359 331 3402 autern
354 3359 423 3400 certe
447 3358 615 3418 cognoscatur
639 3349 734 3398 nullum
759 3349 881 3416 baptisma
907 3367 937 3400 ex
964 3350 1147 3402 consuetudine
1171 3349 1262 3401 actuali

103 3448 122 3484 ¹,
196 3435 261 3486 illins
279 3445 380 3496 sectae,
400 3435 496 3486 nullum
517 3443 554 3486 est
573 3437 767 3508 matrimonium.

193 3521 287 3590 Hisque
306 3523 423 3574 omnibus
442 3522 620 3574 Sanctissimus
639 3521 772 3588 superaddi
793 3521 935 3574 mandavit:
961 3521 989 3572 lu
1009 3523 1082 3572 tertio
1106 3537 1166 3572 casn
1187 3538 1262 3589 prae-

126 3609 170 3658 lati
189 3608 283 3658 decreti
303 3610 453 3674 respiciente
471 3608 610 3658 nullitatem
630 3617 723 3658 certam
743 3607 858 3675 baptismi
877 3608 901 3656 in
921 3615 991 3674 parte
1010 3607 1150 3671 haeretica7
1171 3624 1262 3660 recur-

126 3702 195 3745 ratur
212 3697 238 3744 iu
257 3693 356 3745 casibus
375 3691 577 3760 particularibus.

542 3943 850 3951 Ἣ
