2746 4646
320 166 358 220 Da
375 167 561 258 impedimentis
579 169 764 220 matrimonium
783 165 965 220 dirimentibus.
1020 177 1028 191 ¹
1162 151 1222 220 135

83 330 300 419 generationes
311 329 484 410 progressio
506 325 550 399 iit,
573 328 717 409 eomagis
739 324 789 386 illa
812 322 1222 402 similitudominuitur.¹)-

83 429 192 512 Super
214 434 260 492 est
281 429 331 492 illa
355 446 493 511 persona,
516 447 533 490 a
556 445 614 508 qua
637 443 743 488 omnes
765 443 924 507 personae,
949 425 986 488 de
997 445 1123 510 quarum
1147 447 1224 492 eon-

81 532 240 612 junctione
268 535 440 613 quaeritur,
474 533 624 615 originem
654 547 843 592 communem
873 529 993 592 ducunt.
1037 529 1138 594 Series
1167 549 1224 598 seu

84 634 222 698 ordinata
245 639 394 697 connexio
424 652 620 716 personarum
650 637 800 716 sanguine
826 635 999 715 junctarum
1031 635 1113 698 lineo
1144 654 1222 699 con-

83 741 298 820 sanguinitatis
320 744 459 814 vocatum
492 755 569 818 quae
593 741 639 798 est
662 736 793 816 duplex,
829 737 944 798 seilicet
977 731 1009 811 1)
1040 745 1137 814 reete,
1167 756 1222 802 seu

84 840 162 904 ordo
185 856 391 920 personarum,
415 858 541 922 quarum
563 857 622 902 una
644 839 682 902 ab
704 838 796 902 altera
819 843 998 924 originatur,
1032 845 1062 900 et
1084 840 1223 904 subdivi-

84 943 167 1022 ditur
187 947 219 1006 in
241 943 351 1006 lineam
373 944 613 1020 ascendentium,
637 960 705 1004 eum
727 959 744 1004 a
767 959 895 1024 persona
913 948 1058 1028 generata
1080 942 1223 1006 ascendi-

82 1051 136 1108 tur
157 1045 194 1108 ad
217 1063 374 1126 personam
396 1052 605 1130 generantem,
629 1052 660 1108 et
682 1047 938 1124 descendentium,
971 1045 1040 1108 dum
1068 1064 1223 1140 aproge-

83 1155 185 1216 nitore
213 1166 360 1230 personae
390 1153 566 1232 progenitae
595 1154 808 1224 numerantem
849 1145 884 1225 2)
916 1147 995 1212 linea
1026 1155 1220 1228 menevense,

83 1251 291 1330 (collateralis,
315 1252 445 1332 obliqua,
468 1252 638 1329 indirecta),
673 1269 749 1332 qnae
781 1256 826 1313 esi
849 1248 922 1313 ordo
946 1268 1142 1331 personarum
1165 1251 1224 1314 de·-

83 1354 293 1417 seendentium
316 1355 437 1436 quidem
460 1355 497 1418 ab
519 1373 580 1418 uno
603 1357 754 1418 communi
777 1357 895 1434 stipite,
921 1371 937 1414 a
959 1371 993 1416 se
1015 1359 1116 1416 tamen
1139 1359 1222 1417 invi-

83 1475 151 1520 eern
182 1476 242 1520 non
274 1463 460 1540 genitarum,
493 1457 598 1538 quales
634 1462 704 1518 sunt
733 1456 855 1531 iratres,
886 1474 1024 1534 sorores,
1060 1459 1220 1538 patrueles,

83 1561 257 1641 consobrini
280 1559 317 1622 ad
340 1579 374 1622 se
396 1563 526 1622 invicem
542 1559 650 1620 collati.
683 1558 773 1622 Linea
790 1565 959 1622 transversa
970 1559 1080 1623 dieitur
1097 1581 1220 1644 nequo-

83 1665 137 1739 lis,
167 1661 237 1725 dum
266 1665 486 1746 consanguinei
515 1661 679 1742 aequaliter
713 1662 823 1726 distant
856 1677 873 1724 a
912 1668 1065 1726 communi
1097 1669 1218 1744 stipite;

83 1767 260 1847 dmequolis
282 1769 402 1842 (minu)
433 1764 502 1828 dum
534 1765 609 1827 alter
639 1783 678 1826 ex
700 1770 933 1850 consanguineis
961 1771 1059 1829 minus
1087 1771 1222 1831 remotus

85 1877 133 1934 esi
155 1889 172 1932 a
195 1873 345 1932 communi
368 1871 478 1948 stipite.
495 1902 540 1916 -
565 1869 690 1931 Gradus
719 1873 765 1930 est
787 1887 927 1932 mensura
949 1869 1108 1932 distantiae
1131 1874 1220 1932 unius

84 1962 234 2054 personae
257 1972 294 2034 ab
316 1971 420 2035 altera.

170 2075 205 2139 ll.
230 2075 277 2137 Ad
300 2073 517 2138 discernendos
540 2073 651 2158 gradus
682 2080 951 2162 consanguinitatis
985 2073 1150 2140 seeundum
1170 2075 1221 2158 jus

81 2177 303 2254 eanonicam²l
325 2184 388 2241 tres
420 2183 619 2242 communiter
649 2179 775 2264 regulae
804 2199 858 2261 pro
887 2180 1015 2244 diversis
1044 2179 1131 2242 lineis
1154 2183 1221 2242 sia-

83 2288 225 2346 tuuntur:
1181 2291 1182 2295 ’

119 2388 151 2462 1)
175 2386 289 2472 Regula
311 2389 405 2466 prima
428 2403 482 2466 pro
505 2385 586 2447 lineo
607 2391 695 2446 rectu
717 2383 792 2448 haee
814 2390 877 2449 est:
910 2386 967 2448 Tot
998 2391 1068 2448 sunt
1097 2383 1218 2468 gradus,

169 2494 241 2569 quot
264 2496 333 2552 sunt
356 2505 513 2568 personae,
538 2487 658 2568 dempto
681 2491 779 2567 stipite
802 2493 962 2550 communi.

113 2592 149 2668 2)
171 2591 288 2674 Regula
310 2591 403 2652 altera
425 2607 478 2670 pro
501 2591 583 2652 lineo
609 2597 793 2654 transverso
812 2593 937 2672 aequali
954 2596 1016 2654 est:
1040 2588 1106 2662 Quo
1124 2587 1223 2672 gradu

169 2711 333 2774 personae,
372 2693 409 2754 de
439 2711 564 2774 quarum
605 2695 816 2776 conjunctione
857 2699 1027 2776 quaeritur,
1065 2693 1175 2767 distant
1203 2711 1221 2756 a

169 2802 322 2860 communi
344 2801 455 2876 stipite,
481 2797 588 2858 eodem
613 2801 703 2859 etiam
726 2797 838 2862 distant
859 2802 938 2860 inter
960 2815 1009 2874 se;

113 2899 149 2978 3)
172 2899 287 2983 Regula
310 2904 396 2962 tertia
420 2915 474 2980 pro
497 2901 577 2963 lineo
605 2907 789 2964 transuerso
812 2901 971 2984 inaequali
992 2907 1052 2964 est:
1078 2901 1133 2976 Tot
1147 2917 1222 2984 gra-

171 3003 257 3066 dibus
280 3001 389 3064 distant
411 3021 559 3084 personae
581 3007 661 3065 inter
682 3021 726 3080 se,
749 3011 822 3086 quot
845 3004 986 3089 gradibus
1017 3021 1145 3086 persona
1166 3023 1222 3065 re-

169 3110 281 3169 motior
303 3105 386 3169 abest
408 3124 424 3168 a
453 3111 606 3168 communi
628 3110 739 3188 stipite.

108 3263 132 3330 1)
149 3259 236 3328 Laym.
254 3261 286 3312 de
304 3261 409 3312 matrim.
428 3259 471 3310 lib.
491 3263 515 3312 5.
534 3262 607 3310 trien.
626 3277 650 3327 p.
670 3260 695 3314 4.
713 3277 769 3328 cap.
788 3261 813 3319 i.
837 3288 872 3300 -
894 3258 999 3311 Lauren.
1019 3259 1063 3312 lib.
1081 3261 1105 3311 4.
1124 3262 1161 3311 tit.
1182 3259 1222 3311 1⁴.

152 3365 176 3398 o.
195 3347 219 3406 1,
255 3343 365 3412 Barbara
389 3345 489 3396 delinit:
516 3347 720 3415 consanguinitas
744 3355 782 3398 est
804 3345 895 3400 relatio
913 3348 1011 3398 ratione
1029 3347 1160 3416 sauguinis
1179 3361 1224 3414 par

153 3432 291 3486 naturalem
314 3435 501 3502 generationem
524 3419 710 3484 communicati.
730 3460 763 3472 -
780 3429 869 3496 Quoad
894 3432 942 3484 hoe
968 3431 1174 3499 impedimentum
1198 3440 1223 3481 et

153 3521 366 3588 dispensationem
384 3519 481 3572 aralium
499 3519 632 3588 discrimen
656 3527 694 3569 esi
715 3517 859 3570 iaciendum
882 3519 948 3569 inter
965 3519 1110 3586 progenitor
1128 3533 1159 3568 ax
1176 3533 1222 3568 eo·

154 3607 215 3675 pala
233 3606 298 3658 licita
316 3607 359 3657 vei
377 3607 470 3658 illicita.
507 3606 610 3659 Corrad.
629 3605 671 3657 lib.
690 3607 713 3658 t.
732 3621 756 3656 e.
776 3604 798 3656 1.
817 3621 843 3656 n.
862 3605 885 3656 6.
990 3633 994 3636 -

111 3694 184 3760 llli.
203 3707 262 3760 para
281 3691 389 3744 Decreti.
413 3709 481 3745 caua.
500 3694 541 3746 33.
560 3701 655 3762 quaest.
674 3693 697 3742 5.
722 3689 840 3742 declarat.
858 3689 911 3742 arb.
929 3689 1113 3757 consanguinit.
1135 3715 1170 3724 -
1193 3686 1223 3738 ln

154 3779 223 3832 civili
240 3780 428 3846 computatione
447 3787 484 3830 tot
501 3778 661 3848 suntgradus
680 3779 705 3848 in
723 3776 869 3828 linearecta
888 3783 913 3827 et
925 3777 999 3827 etiam
1018 3775 1044 3826 in
1062 3773 1128 3826 linea
1139 3780 1222 3824 trans-

153 3864 262 3928 veranii,
287 3871 349 3934 quot
371 3873 429 3916 sunt
454 3880 577 3934 personae
603 3867 720 3939 genitae,
749 3879 814 3936 quae
832 3863 1021 3938 generationem
1044 3859 1222 3938 multiplicant,

154 3950 257 4022 dempto
275 3952 366 4020 stipite.
