<?xml version="1.0" encoding="UTF-8"?>
<!DOCTYPE html PUBLIC "-//W3C//DTD XHTML 1.0 Transitional//EN"
    "http://www.w3.org/TR/xhtml1/DTD/xhtml1-transitional.dtd">
<html xmlns="http://www.w3.org/1999/xhtml" xml:lang="en" lang="en">
 <head>
  <title>
</title>
<meta http-equiv="Content-Type" content="text/html;charset=utf-8" />
  <meta name='ocr-system' content='tesseract 3.04.00' />
  <meta name='ocr-capabilities' content='ocr_page ocr_carea ocr_par ocr_line ocrx_word'/>
</head>
<body>
  <div class='ocr_page' id='page_1' title='image "./dematrimoniotra00heisgoog_0395.png"; bbox 0 0 2736 4660; ppageno 0'>
   <div class='ocr_carea' id='block_1_1' title="bbox 584 245 892 302">
    <p class='ocr_par' dir='ltr' id='par_1_1' title="bbox 584 245 892 302">
     <span class='ocr_line' id='line_1_1' title="bbox 584 245 892 302; baseline 0 0"><span class='ocrx_word' id='word_1_1' title='bbox 584 245 665 302; x_wconf 65' lang='grc'><strong>041111</strong></span> <span class='ocrx_word' id='word_1_2' title='bbox 683 247 892 302; x_wconf 65' lang='lat' dir='ltr'><strong>memnonides.</strong></span> 
     </span>
    </p>
   </div>
   <div class='ocr_carea' id='block_1_2' title="bbox 607 443 889 640">
    <p class='ocr_par' dir='ltr' id='par_1_2' title="bbox 607 443 889 640">
     <span class='ocr_line' id='line_1_2' title="bbox 627 443 868 510; baseline 0.004 -1"><span class='ocrx_word' id='word_1_3' title='bbox 627 445 746 510; x_wconf 82' lang='lat' dir='ltr'><strong>Casus</strong></span> <span class='ocrx_word' id='word_1_4' title='bbox 768 443 868 510; x_wconf 88' lang='lat' dir='ltr'><strong>XLlll.</strong></span> 
     </span>
     <span class='ocr_line' id='line_1_3' title="bbox 607 577 889 640; baseline -0.007 0"><span class='ocrx_word' id='word_1_5' title='bbox 607 577 889 640; x_wconf 74' lang='lat' dir='ltr'><strong>ctanoestinima.</strong></span> 
     </span>
    </p>
   </div>
   <div class='ocr_carea' id='block_1_3' title="bbox 157 719 1357 4094">
    <p class='ocr_par' dir='ltr' id='par_1_3' title="bbox 175 719 1315 1624">
     <span class='ocr_line' id='line_1_4' title="bbox 262 719 1313 804; baseline -0.001 -20"><span class='ocrx_word' id='word_1_6' title='bbox 262 721 386 802; x_wconf 83' lang='lat' dir='ltr'><strong>Aliquot</strong></span> <span class='ocrx_word' id='word_1_7' title='bbox 408 719 514 782; x_wconf 87' lang='lat' dir='ltr'><strong>abhinc</strong></span> <span class='ocrx_word' id='word_1_8' title='bbox 537 724 623 782; x_wconf 90' lang='lat' dir='ltr'><strong>aunis</strong></span> <span class='ocrx_word' id='word_1_9' title='bbox 653 724 683 781; x_wconf 94' lang='lat' dir='ltr'><strong>in</strong></span> <span class='ocrx_word' id='word_1_10' title='bbox 706 719 823 801; x_wconf 88' lang='lat' dir='ltr'><strong>Oppido</strong></span> <span class='ocrx_word' id='word_1_11' title='bbox 846 720 1068 800; x_wconf 86' lang='lat' dir='ltr'><strong>lloheusulten,</strong></span> <span class='ocrx_word' id='word_1_12' title='bbox 1102 721 1185 804; x_wconf 84' lang='lat' dir='ltr'><strong>quod</strong></span> <span class='ocrx_word' id='word_1_13' title='bbox 1220 728 1268 784; x_wconf 90' lang='lat' dir='ltr'><strong>est</strong></span> <span class='ocrx_word' id='word_1_14' title='bbox 1287 727 1313 783; x_wconf 94' lang='lat' dir='ltr'><strong>in</strong></span> 
     </span>
     <span class='ocr_line' id='line_1_5' title="bbox 176 821 1312 904; baseline -0.002 -18"><span class='ocrx_word' id='word_1_15' title='bbox 176 826 290 886; x_wconf 89' lang='lat' dir='ltr'><strong>ditione</strong></span> <span class='ocrx_word' id='word_1_16' title='bbox 313 823 405 886; x_wconf 89' lang='lat' dir='ltr'><strong>Ducis</strong></span> <span class='ocrx_word' id='word_1_17' title='bbox 427 823 655 904; x_wconf 83' lang='lat' dir='ltr'><strong>Lotharingiae,</strong></span> <span class='ocrx_word' id='word_1_18' title='bbox 684 829 716 884; x_wconf 87' lang='lat' dir='ltr'><strong>et</strong></span> <span class='ocrx_word' id='word_1_19' title='bbox 735 828 767 887; x_wconf 92' lang='lat' dir='ltr'><strong>in</strong></span> <span class='ocrx_word' id='word_1_20' title='bbox 790 823 928 888; x_wconf 88' lang='lat' dir='ltr'><strong>Dioecesi</strong></span> <span class='ocrx_word' id='word_1_21' title='bbox 953 821 1176 902; x_wconf 87' lang='lat' dir='ltr'><strong>Wormatiens,</strong></span> <span class='ocrx_word' id='word_1_22' title='bbox 1210 829 1312 886; x_wconf 90' lang='lat' dir='ltr'><strong>initum</strong></span> 
     </span>
     <span class='ocr_line' id='line_1_6' title="bbox 176 925 1313 1005; baseline 0.001 -17"><span class='ocrx_word' id='word_1_23' title='bbox 176 928 232 988; x_wconf 90' lang='lat' dir='ltr'><strong>luit</strong></span> <span class='ocrx_word' id='word_1_24' title='bbox 250 945 349 990; x_wconf 88' lang='lat' dir='ltr'><strong>coram</strong></span> <span class='ocrx_word' id='word_1_25' title='bbox 365 925 534 988; x_wconf 85' lang='lat' dir='ltr'><strong>huthcrano</strong></span> <span class='ocrx_word' id='word_1_26' title='bbox 555 929 691 988; x_wconf 86' lang='lat' dir='ltr'><strong>ministro</strong></span> <span class='ocrx_word' id='word_1_27' title='bbox 708 929 926 989; x_wconf 77' lang='lat' dir='ltr'><strong>matrimonium</strong></span> <span class='ocrx_word' id='word_1_28' title='bbox 951 930 1031 988; x_wconf 88' lang='lat' dir='ltr'><strong>inter</strong></span> <span class='ocrx_word' id='word_1_29' title='bbox 1046 925 1202 989; x_wconf 87' lang='lat' dir='ltr'><strong>Andream</strong></span> <span class='ocrx_word' id='word_1_30' title='bbox 1218 927 1313 1005; x_wconf 79' lang='lat' dir='ltr'><strong>Mean,</strong></span> 
     </span>
     <span class='ocr_line' id='line_1_7' title="bbox 176 1028 1315 1110; baseline -0.001 -18"><span class='ocrx_word' id='word_1_31' title='bbox 176 1037 213 1092; x_wconf 91' lang='lat' dir='ltr'><strong>et</strong></span> <span class='ocrx_word' id='word_1_32' title='bbox 228 1030 384 1091; x_wconf 89' lang='lat' dir='ltr'><strong>mulierem</strong></span> <span class='ocrx_word' id='word_1_33' title='bbox 408 1029 544 1110; x_wconf 89' lang='lat' dir='ltr'><strong>ejusdem</strong></span> <span class='ocrx_word' id='word_1_34' title='bbox 568 1028 667 1108; x_wconf 80' lang='lat' dir='ltr'>oppid!</span> <span class='ocrx_word' id='word_1_35' title='bbox 691 1029 836 1105; x_wconf 89' lang='lat' dir='ltr'><strong>incolam,</strong></span> <span class='ocrx_word' id='word_1_36' title='bbox 865 1028 968 1090; x_wconf 87' lang='lat' dir='ltr'><strong>ambos</strong></span> <span class='ocrx_word' id='word_1_37' title='bbox 991 1029 1126 1110; x_wconf 88' lang='lat' dir='ltr'><strong>ejusdem</strong></span> <span class='ocrx_word' id='word_1_38' title='bbox 1150 1029 1315 1091; x_wconf 88' lang='lat' dir='ltr'><strong>haereseos</strong></span> 
     </span>
     <span class='ocr_line' id='line_1_8' title="bbox 175 1129 1314 1218; baseline 0.001 -26"><span class='ocrx_word' id='word_1_39' title='bbox 175 1149 294 1194; x_wconf 89' lang='lat' dir='ltr'><strong>veneno</strong></span> <span class='ocrx_word' id='word_1_40' title='bbox 317 1131 456 1212; x_wconf 92' lang='lat' dir='ltr'><strong>pollutos,</strong></span> <span class='ocrx_word' id='word_1_41' title='bbox 479 1149 546 1193; x_wconf 87' lang='lat' dir='ltr'><strong>cnm</strong></span> <span class='ocrx_word' id='word_1_42' title='bbox 570 1129 664 1192; x_wconf 91' lang='lat' dir='ltr'><strong>libere</strong></span> <span class='ocrx_word' id='word_1_43' title='bbox 686 1129 797 1191; x_wconf 82' lang='lat' dir='ltr'><strong>ibidem</strong></span> <span class='ocrx_word' id='word_1_44' title='bbox 820 1131 940 1218; x_wconf 82' lang='lat' dir='ltr'><strong>degant,</strong></span> <span class='ocrx_word' id='word_1_45' title='bbox 964 1137 1021 1193; x_wconf 90' lang='lat' dir='ltr'><strong>tam</strong></span> <span class='ocrx_word' id='word_1_46' title='bbox 1046 1131 1204 1208; x_wconf 89' lang='lat' dir='ltr'><strong>Catholici,</strong></span> <span class='ocrx_word' id='word_1_47' title='bbox 1229 1153 1314 1214; x_wconf 87' lang='lat' dir='ltr'><strong>quam</strong></span> 
     </span>
     <span class='ocr_line' id='line_1_9' title="bbox 176 1230 1314 1313; baseline 0 -17"><span class='ocrx_word' id='word_1_48' title='bbox 176 1235 328 1299; x_wconf 87' lang='lat' dir='ltr'><strong>haeretici.</strong></span> <span class='ocrx_word' id='word_1_49' title='bbox 372 1233 481 1299; x_wconf 79' lang='lat' dir='ltr'><strong>Mulier</strong></span> <span class='ocrx_word' id='word_1_50' title='bbox 501 1233 626 1309; x_wconf 89' lang='lat' dir='ltr'><strong>deinde,</strong></span> <span class='ocrx_word' id='word_1_51' title='bbox 650 1234 753 1313; x_wconf 87' lang='lat' dir='ltr'><strong>procul</strong></span> <span class='ocrx_word' id='word_1_52' title='bbox 776 1233 899 1296; x_wconf 88' lang='lat' dir='ltr'><strong>absente</strong></span> <span class='ocrx_word' id='word_1_53' title='bbox 922 1239 1002 1312; x_wconf 85' lang='lat' dir='ltr'><strong>viro,</strong></span> <span class='ocrx_word' id='word_1_54' title='bbox 1033 1230 1169 1296; x_wconf 81' lang='lat' dir='ltr'><strong>sobolem</strong></span> <span class='ocrx_word' id='word_1_55' title='bbox 1193 1253 1237 1296; x_wconf 87' lang='lat' dir='ltr'><strong>ex</strong></span> <span class='ocrx_word' id='word_1_56' title='bbox 1260 1235 1314 1298; x_wconf 92' lang='lat' dir='ltr'><strong>alio</strong></span> 
     </span>
     <span class='ocr_line' id='line_1_10' title="bbox 176 1335 1314 1418; baseline -0.001 -20"><span class='ocrx_word' id='word_1_57' title='bbox 176 1336 314 1415; x_wconf 89' lang='lat' dir='ltr'><strong>homine,</strong></span> <span class='ocrx_word' id='word_1_58' title='bbox 343 1336 397 1397; x_wconf 86' lang='lat' dir='ltr'><strong>sed</strong></span> <span class='ocrx_word' id='word_1_59' title='bbox 420 1335 572 1398; x_wconf 85' lang='lat' dir='ltr'><strong>Catholico</strong></span> <span class='ocrx_word' id='word_1_60' title='bbox 602 1341 755 1416; x_wconf 83' lang='lat' dir='ltr'><strong>concepit3</strong></span> <span class='ocrx_word' id='word_1_61' title='bbox 783 1341 814 1396; x_wconf 87' lang='lat' dir='ltr'><strong>et</strong></span> <span class='ocrx_word' id='word_1_62' title='bbox 837 1355 904 1398; x_wconf 91' lang='lat' dir='ltr'><strong>cum</strong></span> <span class='ocrx_word' id='word_1_63' title='bbox 927 1355 964 1400; x_wconf 90' lang='lat' dir='ltr'><strong>eo</strong></span> <span class='ocrx_word' id='word_1_64' title='bbox 993 1342 1110 1418; x_wconf 87' lang='lat' dir='ltr'><strong>nuptias</strong></span> <span class='ocrx_word' id='word_1_65' title='bbox 1133 1339 1314 1399; x_wconf 81' lang='lat' dir='ltr'><strong>contrahere</strong></span> 
     </span>
     <span class='ocr_line' id='line_1_11' title="bbox 175 1439 1314 1523; baseline -0.002 -21"><span class='ocrx_word' id='word_1_66' title='bbox 175 1444 300 1521; x_wconf 91' lang='lat' dir='ltr'><strong>cupiens</strong></span> <span class='ocrx_word' id='word_1_67' title='bbox 323 1443 408 1518; x_wconf 90' lang='lat' dir='ltr'><strong>petiit</strong></span> <span class='ocrx_word' id='word_1_68' title='bbox 429 1458 446 1500; x_wconf 90' lang='lat' dir='ltr'><strong>a</strong></span> <span class='ocrx_word' id='word_1_69' title='bbox 471 1439 499 1502; x_wconf 89' lang='lat' dir='ltr'><strong>S.</strong></span> <span class='ocrx_word' id='word_1_70' title='bbox 522 1439 553 1502; x_wconf 81' lang='lat' dir='ltr'><strong>C.</strong></span> <span class='ocrx_word' id='word_1_71' title='bbox 578 1441 694 1501; x_wconf 90' lang='lat' dir='ltr'><strong>irritum</strong></span> <span class='ocrx_word' id='word_1_72' title='bbox 718 1439 863 1502; x_wconf 85' lang='lat' dir='ltr'><strong>declarari</strong></span> <span class='ocrx_word' id='word_1_73' title='bbox 885 1443 1012 1520; x_wconf 87' lang='lat' dir='ltr'><strong>primum</strong></span> <span class='ocrx_word' id='word_1_74' title='bbox 1035 1441 1229 1523; x_wconf 79' lang='lat' dir='ltr'><strong>conjugium.</strong></span> <span class='ocrx_word' id='word_1_75' title='bbox 1266 1447 1314 1501; x_wconf 91' lang='lat' dir='ltr'><strong>ut-</strong></span> 
     </span>
     <span class='ocr_line' id='line_1_12' title="bbox 175 1540 1028 1624; baseline -0.001 -22"><span class='ocrx_word' id='word_1_76' title='bbox 175 1547 247 1624; x_wconf 89' lang='lat' dir='ltr'><strong>pote</strong></span> <span class='ocrx_word' id='word_1_77' title='bbox 267 1547 372 1604; x_wconf 92' lang='lat' dir='ltr'><strong>initum</strong></span> <span class='ocrx_word' id='word_1_78' title='bbox 396 1547 500 1605; x_wconf 90' lang='lat' dir='ltr'><strong>contra</strong></span> <span class='ocrx_word' id='word_1_79' title='bbox 524 1544 738 1621; x_wconf 89' lang='lat' dir='ltr'><strong>praescriptum</strong></span> <span class='ocrx_word' id='word_1_80' title='bbox 760 1540 787 1602; x_wconf 87' lang='lat' dir='ltr'><strong>S.</strong></span> <span class='ocrx_word' id='word_1_81' title='bbox 813 1541 924 1604; x_wconf 84' lang='lat' dir='ltr'><strong>concii.</strong></span> <span class='ocrx_word' id='word_1_82' title='bbox 949 1541 1028 1603; x_wconf 84' lang='lat' dir='ltr'><strong>Trid.</strong></span> 
     </span>
    </p>

    <p class='ocr_par' dir='ltr' id='par_1_4' title="bbox 175 1641 1357 2354">
     <span class='ocr_line' id='line_1_13' title="bbox 260 1641 1310 1727; baseline 0.001 -20"><span class='ocrx_word' id='word_1_83' title='bbox 260 1644 436 1707; x_wconf 88' lang='lat' dir='ltr'><strong>Ordinarius</strong></span> <span class='ocrx_word' id='word_1_84' title='bbox 459 1649 519 1705; x_wconf 89' lang='lat' dir='ltr'><strong>tres</strong></span> <span class='ocrx_word' id='word_1_85' title='bbox 541 1643 683 1723; x_wconf 75' lang='lat' dir='ltr'><strong>epistolas</strong></span> <span class='ocrx_word' id='word_1_86' title='bbox 712 1643 765 1706; x_wconf 89' lang='lat' dir='ltr'><strong>hac</strong></span> <span class='ocrx_word' id='word_1_87' title='bbox 795 1645 832 1706; x_wconf 89' lang='lat' dir='ltr'><strong>de</strong></span> <span class='ocrx_word' id='word_1_88' title='bbox 855 1661 888 1706; x_wconf 88' lang='lat' dir='ltr'><strong>re</strong></span> <span class='ocrx_word' id='word_1_89' title='bbox 910 1644 940 1706; x_wconf 87' lang='lat' dir='ltr'><strong>S.</strong></span> <span class='ocrx_word' id='word_1_90' title='bbox 963 1643 994 1707; x_wconf 83' lang='lat' dir='ltr'><strong>C.</strong></span> <span class='ocrx_word' id='word_1_91' title='bbox 1018 1641 1115 1720; x_wconf 82' lang='lat' dir='ltr'><strong>dedit3</strong></span> <span class='ocrx_word' id='word_1_92' title='bbox 1144 1651 1176 1706; x_wconf 91' lang='lat' dir='ltr'><strong>in</strong></span> <span class='ocrx_word' id='word_1_93' title='bbox 1206 1648 1310 1727; x_wconf 91' lang='lat' dir='ltr'><strong>prima,</strong></span> 
     </span>
     <span class='ocr_line' id='line_1_14' title="bbox 175 1744 1357 1836; baseline 0.001 -27"><span class='ocrx_word' id='word_1_94' title='bbox 175 1765 261 1826; x_wconf 88' lang='lat' dir='ltr'><strong>quam</strong></span> <span class='ocrx_word' id='word_1_95' title='bbox 284 1749 404 1826; x_wconf 85' lang='lat' dir='ltr'><strong>scripsit</strong></span> <span class='ocrx_word' id='word_1_96' title='bbox 425 1747 462 1808; x_wconf 91' lang='lat' dir='ltr'><strong>ad</strong></span> <span class='ocrx_word' id='word_1_97' title='bbox 485 1746 563 1807; x_wconf 90' lang='lat' dir='ltr'><strong>diem</strong></span> <span class='ocrx_word' id='word_1_98' title='bbox 590 1744 637 1808; x_wconf 90' lang='grc'><strong>11.</strong></span> <span class='ocrx_word' id='word_1_99' title='bbox 658 1747 751 1827; x_wconf 81' lang='lat' dir='ltr'><strong>April.</strong></span> <span class='ocrx_word' id='word_1_100' title='bbox 779 1745 934 1826; x_wconf 75' lang='grc'><strong>1130111</strong></span> <span class='ocrx_word' id='word_1_101' title='bbox 957 1765 1032 1810; x_wconf 88' lang='lat' dir='ltr'><strong>vero</strong></span> <span class='ocrx_word' id='word_1_102' title='bbox 1055 1755 1223 1822; x_wconf 83' lang='lat' dir='ltr'><strong>asseverat,</strong></span> <span class='ocrx_word' id='word_1_103' title='bbox 1248 1768 1313 1810; x_wconf 91' lang='lat' dir='ltr'><strong>ma·</strong></span> <span class='ocrx_word' id='word_1_104' title='bbox 1356 1755 1357 1836; x_wconf 69' lang='grc'><strong>1</strong></span> 
     </span>
     <span class='ocr_line' id='line_1_15' title="bbox 175 1849 1313 1931; baseline 0.001 -21"><span class='ocrx_word' id='word_1_105' title='bbox 175 1855 346 1912; x_wconf 90' lang='lat' dir='ltr'><strong>trimonium</strong></span> <span class='ocrx_word' id='word_1_106' title='bbox 370 1867 429 1912; x_wconf 89' lang='lat' dir='ltr'><strong>nou</strong></span> <span class='ocrx_word' id='word_1_107' title='bbox 451 1849 545 1911; x_wconf 88' lang='lat' dir='ltr'><strong>luisse</strong></span> <span class='ocrx_word' id='word_1_108' title='bbox 567 1853 754 1911; x_wconf 86' lang='lat' dir='ltr'><strong>contractum</strong></span> <span class='ocrx_word' id='word_1_109' title='bbox 769 1867 869 1911; x_wconf 91' lang='lat' dir='ltr'><strong>coram</strong></span> <span class='ocrx_word' id='word_1_110' title='bbox 887 1850 1025 1930; x_wconf 89' lang='lat' dir='ltr'><strong>parocho,</strong></span> <span class='ocrx_word' id='word_1_111' title='bbox 1049 1855 1099 1931; x_wconf 90' lang='lat' dir='ltr'><strong>qui</strong></span> <span class='ocrx_word' id='word_1_112' title='bbox 1121 1855 1154 1912; x_wconf 92' lang='lat' dir='ltr'><strong>in</strong></span> <span class='ocrx_word' id='word_1_113' title='bbox 1176 1869 1215 1912; x_wconf 93' lang='lat' dir='ltr'><strong>eo</strong></span> <span class='ocrx_word' id='word_1_114' title='bbox 1234 1856 1313 1912; x_wconf 90' lang='lat' dir='ltr'><strong>resi-</strong></span> 
     </span>
     <span class='ocr_line' id='line_1_16' title="bbox 176 1951 1312 2036; baseline -0.001 -22"><span class='ocrx_word' id='word_1_115' title='bbox 176 1953 226 2014; x_wconf 88' lang='lat' dir='ltr'><strong>det</strong></span> <span class='ocrx_word' id='word_1_116' title='bbox 249 1952 326 2027; x_wconf 90' lang='lat' dir='ltr'><strong>loco,</strong></span> <span class='ocrx_word' id='word_1_117' title='bbox 349 1952 571 2014; x_wconf 85' lang='lat' dir='ltr'><strong>etCono.l&#39;rid.</strong></span> <span class='ocrx_word' id='word_1_118' title='bbox 588 1952 628 2013; x_wconf 92' lang='lat' dir='ltr'><strong>ibi</strong></span> <span class='ocrx_word' id='word_1_119' title='bbox 652 1951 842 2015; x_wconf 77' lang='lat' dir='ltr'><strong>acatholicis</strong></span> <span class='ocrx_word' id='word_1_120' title='bbox 864 1953 1006 2036; x_wconf 78' lang='lat' dir='ltr'><strong>religiose</strong></span> <span class='ocrx_word' id='word_1_121' title='bbox 1030 1957 1159 2028; x_wconf 84' lang='lat' dir='ltr'><strong>servari3</strong></span> <span class='ocrx_word' id='word_1_122' title='bbox 1184 1951 1312 2015; x_wconf 79' lang='lat' dir='ltr'><strong>affirmat</strong></span> 
     </span>
     <span class='ocr_line' id='line_1_17' title="bbox 176 2053 1312 2132; baseline 0.001 -17"><span class='ocrx_word' id='word_1_123' title='bbox 176 2059 282 2130; x_wconf 87' lang='lat' dir='ltr'><strong>etiam,</strong></span> <span class='ocrx_word' id='word_1_124' title='bbox 312 2054 392 2132; x_wconf 91' lang='lat' dir='ltr'><strong>quod</strong></span> <span class='ocrx_word' id='word_1_125' title='bbox 415 2055 523 2116; x_wconf 90' lang='lat' dir='ltr'><strong>mulier</strong></span> <span class='ocrx_word' id='word_1_126' title='bbox 545 2071 583 2116; x_wconf 88' lang='lat' dir='ltr'><strong>eo</strong></span> <span class='ocrx_word' id='word_1_127' title='bbox 606 2059 706 2120; x_wconf 92' lang='lat' dir='ltr'><strong>animo</strong></span> <span class='ocrx_word' id='word_1_128' title='bbox 730 2061 807 2131; x_wconf 87' lang='lat' dir='ltr'><strong>erat,</strong></span> <span class='ocrx_word' id='word_1_129' title='bbox 840 2061 873 2117; x_wconf 91' lang='lat' dir='ltr'><strong>ut</strong></span> <span class='ocrx_word' id='word_1_130' title='bbox 902 2053 1099 2120; x_wconf 85' lang='lat' dir='ltr'><strong>orthodoxam</strong></span> <span class='ocrx_word' id='word_1_131' title='bbox 1129 2055 1221 2116; x_wconf 92' lang='lat' dir='ltr'><strong>hdem</strong></span> <span class='ocrx_word' id='word_1_132' title='bbox 1246 2075 1312 2118; x_wconf 89' lang='lat' dir='ltr'><strong>am·</strong></span> 
     </span>
     <span class='ocr_line' id='line_1_18' title="bbox 177 2158 1310 2238; baseline 0.001 -21"><span class='ocrx_word' id='word_1_133' title='bbox 177 2158 369 2236; x_wconf 84' lang='lat' dir='ltr'><strong>plecteretur,</strong></span> <span class='ocrx_word' id='word_1_134' title='bbox 393 2163 423 2218; x_wconf 89' lang='lat' dir='ltr'><strong>et</strong></span> <span class='ocrx_word' id='word_1_135' title='bbox 444 2163 475 2218; x_wconf 89' lang='lat' dir='ltr'><strong>in</strong></span> <span class='ocrx_word' id='word_1_136' title='bbox 498 2175 533 2219; x_wconf 89' lang='lat' dir='ltr'><strong>ea</strong></span> <span class='ocrx_word' id='word_1_137' title='bbox 557 2175 677 2238; x_wconf 87' lang='lat' dir='ltr'><strong>quoque</strong></span> <span class='ocrx_word' id='word_1_138' title='bbox 695 2158 838 2220; x_wconf 89' lang='lat' dir='ltr'><strong>educaret</strong></span> <span class='ocrx_word' id='word_1_139' title='bbox 862 2165 919 2219; x_wconf 90' lang='lat' dir='ltr'><strong>tam</strong></span> <span class='ocrx_word' id='word_1_140' title='bbox 939 2159 1030 2220; x_wconf 85' lang='lat' dir='ltr'><strong>illium</strong></span> <span class='ocrx_word' id='word_1_141' title='bbox 1054 2176 1222 2220; x_wconf 85' lang='lat' dir='ltr'><strong>sexennem</strong></span> <span class='ocrx_word' id='word_1_142' title='bbox 1246 2177 1310 2221; x_wconf 92' lang='lat' dir='ltr'><strong>cum</strong></span> 
     </span>
     <span class='ocr_line' id='line_1_19' title="bbox 175 2261 1357 2354; baseline -0.001 -32"><span class='ocrx_word' id='word_1_143' title='bbox 175 2263 267 2340; x_wconf 90' lang='lat' dir='ltr'><strong>priori</strong></span> <span class='ocrx_word' id='word_1_144' title='bbox 290 2265 356 2321; x_wconf 85' lang='lat' dir='ltr'><strong>viro</strong></span> <span class='ocrx_word' id='word_1_145' title='bbox 380 2266 585 2340; x_wconf 88' lang='lat' dir='ltr'><strong>procreatum,</strong></span> <span class='ocrx_word' id='word_1_146' title='bbox 609 2277 697 2340; x_wconf 83' lang='lat' dir='ltr'><strong>quam</strong></span> <span class='ocrx_word' id='word_1_147' title='bbox 720 2261 852 2341; x_wconf 89' lang='lat' dir='ltr'><strong>prolem,</strong></span> <span class='ocrx_word' id='word_1_148' title='bbox 877 2279 965 2342; x_wconf 86' lang='lat' dir='ltr'><strong>quam</strong></span> <span class='ocrx_word' id='word_1_149' title='bbox 989 2266 1075 2323; x_wconf 89' lang='lat' dir='ltr'><strong>utero</strong></span> <span class='ocrx_word' id='word_1_150' title='bbox 1098 2262 1234 2346; x_wconf 82' lang='lat' dir='ltr'><strong>gerebat.</strong></span> <span class='ocrx_word' id='word_1_151' title='bbox 1356 2277 1357 2354; x_wconf 42' lang='lat' dir='ltr'><strong>p</strong></span> 
     </span>
    </p>

    <p class='ocr_par' dir='ltr' id='par_1_5' title="bbox 157 2357 1357 4094">
     <span class='ocr_line' id='line_1_20' title="bbox 261 2357 1357 2444; baseline -0.002 -18"><span class='ocrx_word' id='word_1_152' title='bbox 261 2364 294 2426; x_wconf 91' lang='lat' dir='ltr'><strong>ln</strong></span> <span class='ocrx_word' id='word_1_153' title='bbox 323 2364 416 2426; x_wconf 90' lang='lat' dir='ltr'><strong>altera</strong></span> <span class='ocrx_word' id='word_1_154' title='bbox 440 2364 578 2444; x_wconf 85' lang='lat' dir='ltr'><strong>epistola,</strong></span> <span class='ocrx_word' id='word_1_155' title='bbox 608 2362 674 2425; x_wconf 89' lang='lat' dir='ltr'><strong>data</strong></span> <span class='ocrx_word' id='word_1_156' title='bbox 704 2363 754 2424; x_wconf 93' lang='lat' dir='ltr'><strong>die</strong></span> <span class='ocrx_word' id='word_1_157' title='bbox 776 2363 826 2426; x_wconf 77' lang='lat'><strong>27.</strong></span> <span class='ocrx_word' id='word_1_158' title='bbox 850 2361 935 2426; x_wconf 86' lang='lat' dir='ltr'><strong>Febr.</strong></span> <span class='ocrx_word' id='word_1_159' title='bbox 959 2381 986 2423; x_wconf 93' lang='lat' dir='ltr'><strong>c.</strong></span> <span class='ocrx_word' id='word_1_160' title='bbox 1010 2383 1036 2425; x_wconf 90' lang='lat' dir='ltr'><strong>a.</strong></span> <span class='ocrx_word' id='word_1_161' title='bbox 1060 2365 1168 2442; x_wconf 81' lang='lat' dir='ltr'><strong>retent,</strong></span> <span class='ocrx_word' id='word_1_162' title='bbox 1202 2365 1309 2427; x_wconf 88' lang='lat' dir='ltr'><strong>dietam</strong></span> <span class='ocrx_word' id='word_1_163' title='bbox 1356 2357 1357 2398; x_wconf 68' lang='lat' dir='ltr'><strong>l</strong></span> 
     </span>
     <span class='ocr_line' id='line_1_21' title="bbox 175 2466 1308 2548; baseline 0.002 -20"><span class='ocrx_word' id='word_1_164' title='bbox 175 2468 331 2528; x_wconf 89' lang='lat' dir='ltr'><strong>mulierem</strong></span> <span class='ocrx_word' id='word_1_165' title='bbox 350 2467 412 2547; x_wconf 85' lang='lat' dir='ltr'><strong>jam</strong></span> <span class='ocrx_word' id='word_1_166' title='bbox 436 2466 533 2528; x_wconf 91' lang='lat' dir='ltr'><strong>lausto</strong></span> <span class='ocrx_word' id='word_1_167' title='bbox 555 2471 682 2540; x_wconf 88' lang='lat' dir='ltr'><strong>eventu,</strong></span> <span class='ocrx_word' id='word_1_168' title='bbox 711 2472 743 2527; x_wconf 92' lang='lat' dir='ltr'><strong>ut</strong></span> <span class='ocrx_word' id='word_1_169' title='bbox 765 2472 976 2546; x_wconf 82' lang='lat' dir='ltr'><strong>proposuerat,</strong></span> <span class='ocrx_word' id='word_1_170' title='bbox 1001 2483 1134 2528; x_wconf 85' lang='lat' dir='ltr'><strong>errorem</strong></span> <span class='ocrx_word' id='word_1_171' title='bbox 1158 2469 1308 2548; x_wconf 82' lang='lat' dir='ltr'><strong>ejurasse3</strong></span> 
     </span>
     <span class='ocr_line' id='line_1_22' title="bbox 174 2567 1308 2653; baseline 0 -23"><span class='ocrx_word' id='word_1_172' title='bbox 174 2575 369 2631; x_wconf 91' lang='lat' dir='ltr'><strong>memoratum</strong></span> <span class='ocrx_word' id='word_1_173' title='bbox 392 2586 466 2631; x_wconf 87' lang='lat' dir='ltr'><strong>vero</strong></span> <span class='ocrx_word' id='word_1_174' title='bbox 488 2567 639 2630; x_wconf 85' lang='lat' dir='ltr'><strong>Andream</strong></span> <span class='ocrx_word' id='word_1_175' title='bbox 663 2569 770 2642; x_wconf 87' lang='lat' dir='ltr'><strong>bicen,</strong></span> <span class='ocrx_word' id='word_1_176' title='bbox 793 2569 917 2630; x_wconf 90' lang='lat' dir='ltr'><strong>militem</strong></span> <span class='ocrx_word' id='word_1_177' title='bbox 941 2573 1129 2652; x_wconf 82' lang='lat' dir='ltr'><strong>gregarium,</strong></span> <span class='ocrx_word' id='word_1_178' title='bbox 1164 2588 1261 2653; x_wconf 86' lang='lat' dir='ltr'><strong>agere</strong></span> <span class='ocrx_word' id='word_1_179' title='bbox 1282 2575 1308 2630; x_wconf 91' lang='lat' dir='ltr'><strong>in</strong></span> 
     </span>
     <span class='ocr_line' id='line_1_23' title="bbox 173 2669 1309 2752; baseline 0.001 -20"><span class='ocrx_word' id='word_1_180' title='bbox 173 2679 290 2734; x_wconf 90' lang='lat' dir='ltr'><strong>remoto</strong></span> <span class='ocrx_word' id='word_1_181' title='bbox 312 2672 449 2733; x_wconf 86' lang='lat' dir='ltr'><strong>Prussioo</strong></span> <span class='ocrx_word' id='word_1_182' title='bbox 471 2670 593 2733; x_wconf 89' lang='lat' dir='ltr'><strong>ditionis</strong></span> <span class='ocrx_word' id='word_1_183' title='bbox 615 2669 736 2750; x_wconf 92' lang='lat' dir='ltr'><strong>oppido,</strong></span> <span class='ocrx_word' id='word_1_184' title='bbox 760 2671 840 2751; x_wconf 89' lang='lat' dir='ltr'><strong>quod</strong></span> <span class='ocrx_word' id='word_1_185' title='bbox 863 2675 982 2752; x_wconf 86' lang='lat' dir='ltr'><strong>penitus</strong></span> <span class='ocrx_word' id='word_1_186' title='bbox 1005 2670 1212 2735; x_wconf 72' lang='lat' dir='ltr'><strong>acatholicae</strong></span> <span class='ocrx_word' id='word_1_187' title='bbox 1236 2673 1309 2734; x_wconf 90' lang='lat' dir='ltr'><strong>reli-</strong></span> 
     </span>
     <span class='ocr_line' id='line_1_24' title="bbox 173 2774 1307 2858; baseline 0.002 -24"><span class='ocrx_word' id='word_1_188' title='bbox 173 2779 273 2858; x_wconf 82' lang='lat' dir='ltr'><strong>gionis</strong></span> <span class='ocrx_word' id='word_1_189' title='bbox 294 2779 438 2837; x_wconf 90' lang='lat' dir='ltr'><strong>institutis</strong></span> <span class='ocrx_word' id='word_1_190' title='bbox 460 2774 607 2838; x_wconf 84' lang='lat' dir='ltr'><strong>abhorret.</strong></span> <span class='ocrx_word' id='word_1_191' title='bbox 653 2774 827 2856; x_wconf 77' lang='lat' dir='ltr'><strong>subjungit,</strong></span> <span class='ocrx_word' id='word_1_192' title='bbox 851 2791 885 2835; x_wconf 89' lang='lat' dir='ltr'><strong>se</strong></span> <span class='ocrx_word' id='word_1_193' title='bbox 908 2781 1065 2854; x_wconf 88' lang='lat' dir='ltr'><strong>propterea</strong></span> <span class='ocrx_word' id='word_1_194' title='bbox 1089 2793 1150 2836; x_wconf 92' lang='lat' dir='ltr'><strong>non</strong></span> <span class='ocrx_word' id='word_1_195' title='bbox 1174 2780 1307 2854; x_wconf 89' lang='lat' dir='ltr'><strong>potuisse</strong></span> 
     </span>
     <span class='ocr_line' id='line_1_25' title="bbox 173 2877 1308 2958; baseline 0 -20"><span class='ocrx_word' id='word_1_196' title='bbox 173 2879 302 2940; x_wconf 85' lang='lat' dir='ltr'><strong>eundem</strong></span> <span class='ocrx_word' id='word_1_197' title='bbox 325 2877 475 2940; x_wconf 82' lang='lat' dir='ltr'><strong>Andream</strong></span> <span class='ocrx_word' id='word_1_198' title='bbox 505 2877 655 2958; x_wconf 89' lang='lat' dir='ltr'><strong>personali</strong></span> <span class='ocrx_word' id='word_1_199' title='bbox 679 2881 822 2938; x_wconf 89' lang='lat' dir='ltr'><strong>citatione</strong></span> <span class='ocrx_word' id='word_1_200' title='bbox 845 2893 984 2955; x_wconf 85' lang='lat' dir='ltr'><strong>monere,</strong></span> <span class='ocrx_word' id='word_1_201' title='bbox 1014 2883 1046 2940; x_wconf 91' lang='lat' dir='ltr'><strong>ut</strong></span> <span class='ocrx_word' id='word_1_202' title='bbox 1072 2878 1140 2958; x_wconf 87' lang='lat' dir='ltr'><strong>jura</strong></span> <span class='ocrx_word' id='word_1_203' title='bbox 1164 2895 1221 2955; x_wconf 85' lang='lat' dir='ltr'><strong>sua</strong></span> <span class='ocrx_word' id='word_1_204' title='bbox 1243 2878 1308 2940; x_wconf 89' lang='lat' dir='ltr'><strong>huic</strong></span> 
     </span>
     <span class='ocr_line' id='line_1_26' title="bbox 174 2978 1306 3062; baseline 0 -20"><span class='ocrx_word' id='word_1_205' title='bbox 174 2979 202 3043; x_wconf 89' lang='lat' dir='ltr'><strong>S.</strong></span> <span class='ocrx_word' id='word_1_206' title='bbox 227 2979 259 3042; x_wconf 80' lang='lat' dir='ltr'><strong>O.</strong></span> <span class='ocrx_word' id='word_1_207' title='bbox 281 2985 465 3062; x_wconf 83' lang='lat' dir='ltr'><strong>exponeret3</strong></span> <span class='ocrx_word' id='word_1_208' title='bbox 487 2980 541 3043; x_wconf 88' lang='lat' dir='ltr'><strong>sed</strong></span> <span class='ocrx_word' id='word_1_209' title='bbox 564 2979 593 3041; x_wconf 91' lang='lat' dir='ltr'><strong>id</strong></span> <span class='ocrx_word' id='word_1_210' title='bbox 618 2979 711 3042; x_wconf 87' lang='lat' dir='ltr'><strong>luisse</strong></span> <span class='ocrx_word' id='word_1_211' title='bbox 733 2997 787 3058; x_wconf 88' lang='lat' dir='ltr'><strong>per</strong></span> <span class='ocrx_word' id='word_1_212' title='bbox 809 2978 955 3058; x_wconf 87' lang='lat' dir='ltr'><strong>edictum,</strong></span> <span class='ocrx_word' id='word_1_213' title='bbox 984 2979 1106 3042; x_wconf 87' lang='lat' dir='ltr'><strong>aliixum</strong></span> <span class='ocrx_word' id='word_1_214' title='bbox 1130 2980 1229 3042; x_wconf 90' lang='lat' dir='ltr'><strong>valvis</strong></span> <span class='ocrx_word' id='word_1_215' title='bbox 1253 2987 1306 3042; x_wconf 91' lang='lat' dir='ltr'><strong>iam</strong></span> 
     </span>
     <span class='ocr_line' id='line_1_27' title="bbox 173 3081 1307 3166; baseline 0.002 -23"><span class='ocrx_word' id='word_1_216' title='bbox 173 3081 327 3145; x_wconf 84' lang='lat' dir='ltr'><strong>Ecclesiae</strong></span> <span class='ocrx_word' id='word_1_217' title='bbox 348 3083 547 3160; x_wconf 84' lang='lat' dir='ltr'><strong>Cathedralis,</strong></span> <span class='ocrx_word' id='word_1_218' title='bbox 572 3101 659 3163; x_wconf 89' lang='lat' dir='ltr'><strong>quam</strong></span> <span class='ocrx_word' id='word_1_219' title='bbox 682 3081 836 3144; x_wconf 86' lang='lat' dir='ltr'><strong>Ecclesiae</strong></span> <span class='ocrx_word' id='word_1_220' title='bbox 858 3081 1051 3163; x_wconf 77' lang='lat' dir='ltr'><strong>parochialia,</strong></span> <span class='ocrx_word' id='word_1_221' title='bbox 1081 3083 1150 3166; x_wconf 73' lang='lat' dir='ltr'><strong>&#39;ejus</strong></span> <span class='ocrx_word' id='word_1_222' title='bbox 1173 3085 1252 3162; x_wconf 89' lang='lat' dir='ltr'><strong>loci,</strong></span> <span class='ocrx_word' id='word_1_223' title='bbox 1278 3089 1307 3145; x_wconf 92' lang='grc'><strong>11</strong></span> 
     </span>
     <span class='ocr_line' id='line_1_28' title="bbox 173 3185 1307 3268; baseline 0.003 -22"><span class='ocrx_word' id='word_1_224' title='bbox 173 3201 233 3266; x_wconf 84' lang='lat' dir='ltr'><strong>quo</strong></span> <span class='ocrx_word' id='word_1_225' title='bbox 256 3186 376 3248; x_wconf 90' lang='lat' dir='ltr'><strong>domum</strong></span> <span class='ocrx_word' id='word_1_226' title='bbox 399 3185 496 3262; x_wconf 89' lang='lat' dir='ltr'><strong>habet,</strong></span> <span class='ocrx_word' id='word_1_227' title='bbox 519 3192 549 3246; x_wconf 93' lang='lat' dir='ltr'><strong>et</strong></span> <span class='ocrx_word' id='word_1_228' title='bbox 572 3185 620 3247; x_wconf 93' lang='lat' dir='ltr'><strong>ubi</strong></span> <span class='ocrx_word' id='word_1_229' title='bbox 644 3203 749 3247; x_wconf 91' lang='lat' dir='ltr'><strong>omnes</strong></span> <span class='ocrx_word' id='word_1_230' title='bbox 772 3186 838 3267; x_wconf 82' lang='lat' dir='ltr'><strong>ejus</strong></span> <span class='ocrx_word' id='word_1_231' title='bbox 861 3189 1018 3266; x_wconf 88' lang='lat' dir='ltr'><strong>propinqui</strong></span> <span class='ocrx_word' id='word_1_232' title='bbox 1043 3193 1213 3263; x_wconf 84' lang='lat' dir='ltr'><strong>morantur3</strong></span> <span class='ocrx_word' id='word_1_233' title='bbox 1237 3193 1307 3268; x_wconf 86' lang='lat' dir='ltr'><strong>quin</strong></span> 
     </span>
     <span class='ocr_line' id='line_1_29' title="bbox 157 3287 1307 3370; baseline 0.003 -20"><span class='ocrx_word' id='word_1_234' title='bbox 157 3293 263 3353; x_wconf 85' lang='lat' dir='ltr'><strong>eliam</strong></span> <span class='ocrx_word' id='word_1_235' title='bbox 285 3305 425 3367; x_wconf 86' lang='lat' dir='ltr'><strong>curasse,</strong></span> <span class='ocrx_word' id='word_1_236' title='bbox 449 3287 540 3350; x_wconf 87' lang='lat' dir='ltr'><strong>uide</strong></span> <span class='ocrx_word' id='word_1_237' title='bbox 563 3288 608 3351; x_wconf 88' lang='lat' dir='ltr'><strong>his</strong></span> <span class='ocrx_word' id='word_1_238' title='bbox 630 3293 741 3350; x_wconf 87' lang='lat' dir='ltr'><strong>certior</strong></span> <span class='ocrx_word' id='word_1_239' title='bbox 762 3288 849 3350; x_wconf 87' lang='lat' dir='ltr'><strong>lieret</strong></span> <span class='ocrx_word' id='word_1_240' title='bbox 867 3305 923 3370; x_wconf 88' lang='lat' dir='ltr'><strong>per</strong></span> <span class='ocrx_word' id='word_1_241' title='bbox 944 3289 1059 3351; x_wconf 89' lang='lat' dir='ltr'><strong>litteras</strong></span> <span class='ocrx_word' id='word_1_242' title='bbox 1082 3289 1228 3353; x_wconf 83' lang='lat' dir='ltr'><strong>Catholici</strong></span> <span class='ocrx_word' id='word_1_243' title='bbox 1251 3290 1307 3354; x_wconf 88' lang='lat' dir='ltr'><strong>ho·</strong></span> 
     </span>
     <span class='ocr_line' id='line_1_30' title="bbox 174 3376 1307 3474; baseline 0.002 -22"><span class='ocrx_word' id='word_1_244' title='bbox 174 3395 273 3471; x_wconf 88' lang='lat' dir='ltr'><strong>minis,</strong></span> <span class='ocrx_word' id='word_1_245' title='bbox 297 3397 347 3474; x_wconf 90' lang='lat' dir='ltr'><strong>qui</strong></span> <span class='ocrx_word' id='word_1_246' title='bbox 371 3376 547 3472; x_wconf 48' lang='lat' dir='ltr'><strong>ejus&#39;sooer</strong></span> <span class='ocrx_word' id='word_1_247' title='bbox 568 3397 621 3454; x_wconf 90' lang='lat' dir='ltr'><strong>est.</strong></span> <span class='ocrx_word' id='word_1_248' title='bbox 646 3392 803 3454; x_wconf 85' lang='lat' dir='ltr'><strong>Caeterum</strong></span> <span class='ocrx_word' id='word_1_249' title='bbox 827 3396 877 3468; x_wconf 84' lang='lat' dir='ltr'><strong>(ut</strong></span> <span class='ocrx_word' id='word_1_250' title='bbox 898 3397 1017 3455; x_wconf 90' lang='lat' dir='ltr'><strong>constat</strong></span> <span class='ocrx_word' id='word_1_251' title='bbox 1038 3410 1077 3453; x_wconf 88' lang='lat' dir='ltr'><strong>ex</strong></span> <span class='ocrx_word' id='word_1_252' title='bbox 1100 3392 1178 3454; x_wconf 91' lang='lat' dir='ltr'><strong>binis</strong></span> <span class='ocrx_word' id='word_1_253' title='bbox 1201 3393 1307 3454; x_wconf 89' lang='lat' dir='ltr'><strong>litteris</strong></span> 
     </span>
     <span class='ocr_line' id='line_1_31' title="bbox 171 3494 1308 3576; baseline 0 -19"><span class='ocrx_word' id='word_1_254' title='bbox 171 3495 209 3558; x_wconf 91' lang='lat' dir='ltr'><strong>ab</strong></span> <span class='ocrx_word' id='word_1_255' title='bbox 230 3501 295 3576; x_wconf 93' lang='lat' dir='ltr'><strong>ipso</strong></span> <span class='ocrx_word' id='word_1_256' title='bbox 311 3495 433 3557; x_wconf 83' lang='lat' dir='ltr'><strong>Andrea</strong></span> <span class='ocrx_word' id='word_1_257' title='bbox 454 3497 572 3574; x_wconf 83' lang='lat' dir='ltr'><strong>scriptis</strong></span> <span class='ocrx_word' id='word_1_258' title='bbox 595 3499 681 3557; x_wconf 89' lang='lat' dir='ltr'><strong>matri</strong></span> <span class='ocrx_word' id='word_1_259' title='bbox 704 3500 794 3572; x_wconf 85' lang='lat' dir='ltr'><strong>suae)</strong></span> <span class='ocrx_word' id='word_1_260' title='bbox 817 3495 877 3570; x_wconf 90' lang='lat' dir='ltr'><strong>illc,</strong></span> <span class='ocrx_word' id='word_1_261' title='bbox 901 3499 952 3574; x_wconf 83' lang='lat' dir='ltr'><strong>qui</strong></span> <span class='ocrx_word' id='word_1_262' title='bbox 975 3494 1130 3558; x_wconf 86' lang='lat' dir='ltr'><strong>obfirmato</strong></span> <span class='ocrx_word' id='word_1_263' title='bbox 1153 3499 1257 3558; x_wconf 90' lang='lat' dir='ltr'><strong>animo</strong></span> <span class='ocrx_word' id='word_1_264' title='bbox 1279 3501 1308 3557; x_wconf 93' lang='lat' dir='ltr'><strong>in</strong></span> 
     </span>
     <span class='ocr_line' id='line_1_32' title="bbox 173 3596 1308 3678; baseline -0.001 -19"><span class='ocrx_word' id='word_1_265' title='bbox 173 3597 290 3660; x_wconf 90' lang='lat' dir='ltr'><strong>haeresi</strong></span> <span class='ocrx_word' id='word_1_266' title='bbox 313 3605 368 3677; x_wconf 88' lang='lat' dir='ltr'><strong>est,</strong></span> <span class='ocrx_word' id='word_1_267' title='bbox 393 3605 424 3658; x_wconf 89' lang='lat' dir='ltr'><strong>et</strong></span> <span class='ocrx_word' id='word_1_268' title='bbox 446 3598 656 3659; x_wconf 89' lang='lat' dir='ltr'><strong>molestissime</strong></span> <span class='ocrx_word' id='word_1_269' title='bbox 680 3596 746 3658; x_wconf 91' lang='lat' dir='ltr'><strong>tulit</strong></span> <span class='ocrx_word' id='word_1_270' title='bbox 768 3601 998 3660; x_wconf 83' lang='lat' dir='ltr'><strong>conversionem</strong></span> <span class='ocrx_word' id='word_1_271' title='bbox 1020 3597 1174 3676; x_wconf 89' lang='lat' dir='ltr'><strong>mulieris,</strong></span> <span class='ocrx_word' id='word_1_272' title='bbox 1206 3605 1308 3678; x_wconf 89' lang='lat' dir='ltr'><strong>aperte</strong></span> 
     </span>
     <span class='ocr_line' id='line_1_33' title="bbox 173 3699 1308 3784; baseline -0.001 -20"><span class='ocrx_word' id='word_1_273' title='bbox 173 3703 360 3765; x_wconf 80' lang='lat' dir='ltr'><strong>denuntiavit</strong></span> <span class='ocrx_word' id='word_1_274' title='bbox 389 3721 422 3766; x_wconf 89' lang='lat' dir='ltr'><strong>se</strong></span> <span class='ocrx_word' id='word_1_275' title='bbox 444 3703 571 3766; x_wconf 84' lang='lat' dir='ltr'><strong>liberum</strong></span> <span class='ocrx_word' id='word_1_276' title='bbox 602 3715 671 3762; x_wconf 88' lang='lat' dir='ltr'><strong>esse</strong></span> <span class='ocrx_word' id='word_1_277' title='bbox 693 3719 710 3763; x_wconf 89' lang='lat' dir='ltr'><strong>a</strong></span> <span class='ocrx_word' id='word_1_278' title='bbox 733 3699 888 3784; x_wconf 80' lang='lat' dir='ltr'><strong>conjugali·</strong></span> <span class='ocrx_word' id='word_1_279' title='bbox 914 3699 1037 3762; x_wconf 84' lang='lat' dir='ltr'><strong>loedere</strong></span> <span class='ocrx_word' id='word_1_280' title='bbox 1065 3701 1104 3762; x_wconf 91' lang='lat' dir='ltr'><strong>ob</strong></span> <span class='ocrx_word' id='word_1_281' title='bbox 1126 3701 1192 3782; x_wconf 88' lang='lat' dir='ltr'><strong>ejus</strong></span> <span class='ocrx_word' id='word_1_282' title='bbox 1221 3701 1308 3764; x_wconf 87' lang='lat' dir='ltr'><strong>fidem</strong></span> 
     </span>
     <span class='ocr_line' id='line_1_34' title="bbox 171 3801 1307 3885; baseline -0.003 -16"><span class='ocrx_word' id='word_1_283' title='bbox 171 3805 208 3869; x_wconf 89' lang='lat' dir='ltr'><strong>ab</strong></span> <span class='ocrx_word' id='word_1_284' title='bbox 237 3823 332 3870; x_wconf 89' lang='lat' dir='ltr'><strong>uxore</strong></span> <span class='ocrx_word' id='word_1_285' title='bbox 360 3805 482 3868; x_wconf 84' lang='lat' dir='ltr'><strong>fractam</strong></span> <span class='ocrx_word' id='word_1_286' title='bbox 513 3802 767 3885; x_wconf 54' lang='lat' dir='ltr'><strong>(quammuidem</strong></span> <span class='ocrx_word' id='word_1_287' title='bbox 798 3803 837 3865; x_wconf 92' lang='lat' dir='ltr'><strong>ob</strong></span> <span class='ocrx_word' id='word_1_288' title='bbox 864 3821 985 3865; x_wconf 87' lang='lat' dir='ltr'><strong>oausam</strong></span> <span class='ocrx_word' id='word_1_289' title='bbox 1016 3819 1110 3882; x_wconf 90' lang='lat' dir='ltr'><strong>penes</strong></span> <span class='ocrx_word' id='word_1_290' title='bbox 1140 3801 1307 3866; x_wconf 87' lang='lat' dir='ltr'><strong>haereticos</strong></span> 
     </span>
     <span class='ocr_line' id='line_1_35' title="bbox 171 3904 1306 3986; baseline -0.001 -16"><span class='ocrx_word' id='word_1_291' title='bbox 171 3907 298 3970; x_wconf 90' lang='lat' dir='ltr'><strong>solvitur</strong></span> <span class='ocrx_word' id='word_1_292' title='bbox 323 3907 502 3971; x_wconf 90' lang='lat' dir='ltr'><strong>connubiale</strong></span> <span class='ocrx_word' id='word_1_293' title='bbox 532 3906 699 3982; x_wconf 85' lang='lat' dir='ltr'><strong>vinculum)</strong></span> <span class='ocrx_word' id='word_1_294' title='bbox 727 3923 784 3966; x_wconf 91' lang='lat' dir='ltr'><strong>neo</strong></span> <span class='ocrx_word' id='word_1_295' title='bbox 806 3923 847 3983; x_wconf 60' lang='lat' dir='ltr'><strong>⁶se</strong></span> <span class='ocrx_word' id='word_1_296' title='bbox 876 3905 954 3967; x_wconf 91' lang='lat' dir='ltr'><strong>velle</strong></span> <span class='ocrx_word' id='word_1_297' title='bbox 984 3904 1125 3986; x_wconf 89' lang='lat' dir='ltr'><strong>deinceps</strong></span> <span class='ocrx_word' id='word_1_298' title='bbox 1153 3906 1235 3970; x_wconf 85' lang='lat' dir='ltr'><strong>illam</strong></span> <span class='ocrx_word' id='word_1_299' title='bbox 1266 3913 1306 3969; x_wconf 92' lang='lat' dir='ltr'><strong>uti</strong></span> 
     </span>
     <span class='ocr_line' id='line_1_36' title="bbox 171 4012 675 4094; baseline 0 -22"><span class='ocrx_word' id='word_1_300' title='bbox 171 4027 255 4078; x_wconf 86' lang='lat' dir='ltr'><strong>suam</strong></span> <span class='ocrx_word' id='word_1_301' title='bbox 278 4012 436 4094; x_wconf 75' lang='lat' dir='ltr'><strong>conjugem</strong></span> <span class='ocrx_word' id='word_1_302' title='bbox 460 4023 635 4094; x_wconf 81' lang='lat' dir='ltr'><strong>agnoscere.</strong></span> <span class='ocrx_word' id='word_1_303' title='bbox 672 4027 675 4032; x_wconf 48' lang='lat'><em>¹</em></span> 
     </span>
    </p>
   </div>
   <div class='ocr_carea' id='block_1_4' title="bbox 0 0 1372 4660">
    <p class='ocr_par' dir='ltr' id='par_1_6' title="bbox 0 0 1372 4660">
     <span class='ocr_line' id='line_1_37' title="bbox 0 0 1372 4660; baseline 0 0"><span class='ocrx_word' id='word_1_304' title='bbox 0 0 1372 4660; x_wconf 95' lang='lat' dir='ltr'><strong> </strong></span> 
     </span>
    </p>
   </div>
  </div>
 </body>
</html>
