2758 4664
467 238 505 292 lte
523 237 613 292 Gauiis
631 236 864 291 matrimonialibus.
1177 220 1241 290 2⁰5

191 393 226 467 c)
258 398 329 475 qnia
350 401 426 460 ratio
448 397 524 480 legis
552 401 584 460 in
606 400 643 460 iis
665 395 903 478 impedimentis,
931 399 963 460 in
986 395 1094 478 quibus
1123 401 1242 480 saepius

256 496 440 580 dispensatio
468 504 595 581 petitur,
626 518 713 580 quam
736 503 767 562 in
795 501 877 580 aliis,
909 516 1018 580 nempe
1038 504 1071 562 in
1098 499 1242 584 gradibus

254 607 522 688 consanguinitatis
544 609 576 666 et
597 602 751 664 allinitatis
774 601 950 684 plerumque
979 619 1018 664 ex
1039 602 1241 684 peculiaribus

256 705 398 768 nobilium
428 713 459 768 et
480 706 605 770 divitum
634 709 868 768 circumstantiis
898 723 958 767 non
980 711 1040 768 tam
1070 710 1173 788 gravis
1195 711 1243 771 est

254 813 414 888 momenti,
446 827 535 890 quam
557 827 611 890 pro
633 807 759 888 plebejis
782 812 812 867 et
834 809 1029 890 pauperibus,
1060 827 1167 892 nempe
1189 814 1243 874 in-

255 917 397 990 quantum
427 929 481 992 per
502 910 577 974 baec
604 909 816 992 impedimenta
845 909 986 974 honestas
1015 931 1133 976 morum
1160 916 1241 978 inter

254 1017 497 1096 consanguineos
522 1019 552 1074 et
575 1011 681 1076 affines
703 1012 886 1088 intenditur;

188 1112 224 1190 d)
254 1119 323 1196 quia
352 1116 453 1196 plures
477 1133 601 1194 causae,
634 1121 803 1198 quaesunt
832 1121 935 1200 magni
959 1123 1101 1180 momenti
1130 1122 1156 1182 si
1179 1136 1240 1185 non

251 1219 448 1300 pauperibus,
483 1219 592 1282 nullius
623 1224 693 1281 sunt
721 1224 752 1282 in
778 1218 903 1302 plebejis
932 1225 962 1280 et
991 1221 1171 1304 pauperibus
1200 1239 1240 1282 ex

252 1327 356 1384 natura
378 1324 433 1383 rei.

127 1419 166 1498 3)
190 1423 263 1486 Cum
285 1429 377 1503 ratio,
406 1430 438 1487 in
461 1443 520 1506 qua
543 1427 679 1486 nituntur
701 1429 783 1488 varia
806 1423 1026 1506 impedimenta,
1050 1413 1105 1508 pro
1128 1429 1240 1510 singu-

187 1525 224 1588 lis
247 1530 285 1590 sit
307 1527 429 1608 majoris
446 1528 495 1590 vel
517 1531 641 1591 minoris
664 1531 818 1607 momenti,
842 1546 877 1590 ac
897 1528 1023 1608 proinde
1042 1529 1160 1592 illorum
1182 1547 1237 1592 re-

185 1629 336 1691 laxatione
364 1629 430 1709 plus
460 1629 509 1692 vel
537 1633 637 1693 minus
669 1631 792 1710 periculi
823 1633 938 1692 oriatur
964 1629 1043 1693 bono
1075 1635 1236 1712 communi,

187 1750 247 1794 non
270 1751 324 1812 pro
348 1733 485 1796 omnibus
509 1733 614 1795 eadem
636 1737 800 1814 requiritur
820 1737 953 1815 gravitas
982 1751 1090 1796 causae
1112 1734 1150 1798 ad
1173 1734 1239 1798 dis-

184 1835 378 1914 pensandum.
424 1835 516 1915 Hinc,
548 1840 581 1896 ut
604 1835 681 1896 bene
710 1841 927 1920 cognoscatur,
959 1855 997 1897 an
1020 1835 1117 1918 qualia
1148 1854 1237 1901 eausa

117 1949 120 1954 ’
184 1941 222 1998 sit
239 1939 336 2018 justa,
370 1936 613 2019 perpendendum
642 1942 688 1999 est
719 1937 752 2014 1)
783 1941 883 2018 quanti
914 1943 1058 2002 momenti
1087 1943 1179 2003 sitin
1202 1957 1236 2002 se

184 2042 449 2122 impedimentum,
477 2041 514 2102 de
544 2057 604 2121 quo
627 2045 742 2124 agitur3
773 2039 810 2118 2)
834 2059 904 2103 num
928 2045 967 2104 sit
987 2041 1155 2123 publicum,
1187 2049 1238 2106 aut

184 2145 351 2224 occultum,
377 2151 406 2206 et
429 2141 465 2220 3)
488 2143 573 2225 cujus
596 2143 777 2207 conditionis
801 2149 860 2206 sint
882 2144 942 2223 llll,
966 2150 1017 2228 qui
1040 2149 1144 2226 petunt
1166 2145 1233 2210 dis-

183 2251 398 2328 pensationem.

183 2343 233 2412 lll.
257 2349 302 2410 Ex
324 2353 440 2412 ratione
463 2351 648 2412 conditionis
670 2353 837 2430 petentium
860 2349 949 2412 Curia
970 2349 1102 2413 Romana
1125 2347 1237 2414 distin-

94 2457 162 2536 guit
181 2453 329 2532 triplicem
346 2453 472 2517 sormam
490 2450 681 2534 dispensandi
693 2455 725 2512 in
739 2450 805 2513 loro
820 2461 956 2532 externo,
975 2453 1099 2531 scilicet,
1123 2452 1158 2531 1)
1170 2453 1237 2516 ior·

95 2573 175 2618 mam
192 2573 246 2636 pro
259 2555 419 2634 nobilibus,
437 2554 475 2632 2)
491 2555 615 2618 formam
631 2554 811 2617 ordinariam
827 2573 882 2618 seu
898 2571 1097 2636 communem,
1114 2555 1152 2635 2)
1169 2558 1236 2621 sor-

93 2675 173 2721 mam
201 2677 374 2740 pauperum.

162 2829 279 2892 Gracina,
298 2833 371 2884 etiam
389 2837 506 2897 respectu
524 2830 735 2898 compositionum
753 2837 932 2880 conservatur
951 2836 1051 2898 propter
1070 2831 1234 2882 necessitates

164 2927 189 2968 et
207 2933 283 2970 onera
302 2916 385 2984 Papae
408 2923 433 2968 et
450 2891 523 2968 Seoss
541 2913 700 2983 Apostolicae
723 2913 809 2978 (cujus
834 2916 968 2964 auctoritas
993 2916 1063 2968 salva
1082 2919 1162 2968 estin
1185 2915 1233 2969 de-

163 3006 238 3055 cretis
256 3003 369 3068 ejusdem
382 2999 488 3054 Consilii
506 3017 568 3054 sess.
587 3001 627 3051 25.
647 3016 668 3051 e.
684 2999 740 3066 ult.)
760 3003 905 3068 praesertim
924 3017 984 3052 vero
1004 3019 1049 3070 pro
1068 3001 1234 3072 propaganda

162 3089 307 3158 tuendaque
325 3089 374 3140 lida
392 3087 528 3151 catholica,
554 3103 598 3154 pro
616 3101 665 3154 qua
683 3094 776 3154 manta
799 3085 933 3156 qualiaque
957 3089 1007 3138 sint
1030 3088 1143 3153 ejusdm
1162 3089 1233 3144 Sedis

162 3190 251 3239 onera,
269 3179 312 3227 vix
330 3177 435 3243 exprimi
454 3181 574 3241 possunt,
597 3176 672 3224 etiam
691 3172 786 3236 abiis,
804 3173 849 3241 qui
867 3187 898 3224 ea
916 3186 947 3224 ex
965 3174 1078 3242 professo
1097 3179 1235 3244 merion-

161 3265 229 3314 ων*
252 3261 586 3316 libanensem.
611 3287 645 3298 -
671 3259 815 3311 Pallavioini
838 3256 914 3310 dard.
937 3261 962 3311 in
987 3259 1044 3314 bist.
1069 3259 1147 3317 Gens
1165 3261 1233 3314 Trid.

161 3356 349 3413 commemorat,
368 3347 434 3416 quod
452 3348 531 3415 ipsius
550 3345 581 3396 ab
596 3361 640 3396 ore
657 3353 790 3414 acceperat
806 3345 945 3398 Alexandri
962 3345 1016 3398 vti.
1040 3345 1124 3414 Papae
1141 3361 1234 3415 nempe

161 3442 350 3500 percunctatum
369 3431 438 3485 bunc
456 3431 611 3495 Pontificem,
630 3446 694 3498 quos
712 3433 739 3481 in
757 3447 818 3483 usus
837 3431 1007 3484 effunderetur
1024 3433 1149 3500 pecunia,
1167 3449 1233 3502 quae

161 3537 193 3573 ex
210 3519 437 3588 dispensationibus
455 3518 630 3586 conjugiorum
649 3516 781 3583 affluebat3
805 3533 819 3570 a
839 3520 956 3569 ministris
976 3518 1030 3582 ojus
1048 3519 1084 3567 rei
1102 3516 1233 3583 didicisse,

161 3605 187 3656 in
207 3622 237 3656 eo
256 3605 444 3673 diligentissime
462 3603 569 3668 servari,
587 3620 652 3673 quae
669 3603 701 3654 ab
720 3604 806 3656 lnnoc.
825 3603 856 3656 Χ,
876 3603 992 3655 innodata
1010 3603 1133 3668 fuissent,
1151 3620 1183 3655 ne
1202 3621 1232 3656 ea

161 3693 270 3758 pecunia
293 3695 401 3742 caeteris
424 3689 587 3758 proventibus
610 3691 821 3758 permisceretur.
845 3689 889 3741 sed
913 3695 1079 3756 reponeretur
1104 3693 1130 3739 in
1147 3684 1233 3742 lionis

160 3781 274 3846 pietatis,
301 3778 368 3829 unde
385 3794 438 3829 non
455 3776 642 3837 extraheretur,
668 3777 714 3826 nisi
735 3775 807 3840 jussa
826 3776 966 3840 Pontillcis,
993 3774 1026 3826 nd
1043 3773 1085 3840 pia
1107 3775 1232 3843 quaedam

160 3877 246 3932 opera.
283 3861 308 3916 Si
326 3861 419 3933 ubique
438 3863 586 3916 muletarum
605 3871 630 3913 et
647 3861 861 3928 dispensationum
885 3864 994 3930 pecunia
1011 3867 1062 3912 tam
1081 3869 1168 3912 sancte
1186 3877 1232 3913 ex-

159 3948 329 4018 penderetur,
352 3965 426 4000 nemo
444 3965 496 4000 non
514 3947 732 4017 congratularetur
754 3951 866 3999 succurri
891 3949 1002 4014 miseris,
1025 3947 1232 4016 pauperesceb-

160 4034 268 4090 levari.“
284 4028 415 4088 Thomass.
434 4035 488 4087 Vet.
506 4033 531 4088 b.
549 4035 617 4087 biae.
635 4032 704 4086 licel.
723 4031 766 4085 lll.
783 4031 800 4085 l.
820 4033 842 4086 i.
861 4049 883 4086 c.
902 4035 944 4087 it.
