2742 4660
441 249 478 302 Do
497 252 655 302 matrimonio
673 249 811 302 secuudum
830 267 865 304 ae.
1202 238 1221 304 7

89 430 124 472 ex
144 409 264 473 iadioiis
287 413 333 470 sat
356 407 444 470 oiaria
466 411 562 489 potuit
584 405 746 470 advertere
775 408 992 489 deceptionem.
1028 415 1061 484 o)
1086 415 1111 472 si
1134 431 1222 473 com-

89 531 152 594 para
181 515 363 593 separationi
394 517 476 573 esset
507 527 708 587 consensuro,
742 511 790 572 vel
820 515 885 592 ipae
917 512 953 576 ad
986 513 1221 578 contrahendum

90 621 206 680 eoaoiua
229 615 345 678 iuiaaot.
356 610 383 691 ¹)
885 605 891 617 '

168 719 328 792 Quaeritur
349 715 417 792 Pi:
449 713 607 790 Quomodo
629 717 759 798 suppleri
782 715 1070 783 debeatconsensus
1095 723 1126 782 in
1149 741 1222 786 oasu

88 821 213 885 simulati
237 837 403 884 consensus
426 839 465 882 ex
488 839 547 882 una
571 823 678 902 parte?

169 931 204 1004 1).
234 889 312 986 {ads
336 926 413 1001 erit,
443 928 468 986 si
498 929 636 987 manente
663 928 694 986 in
717 928 828 986 virtute
855 928 946 1004 priori
975 943 1126 988 consensu
1158 932 1222 1008 ipso
1299 905 1302 912 ’

87 1027 227 1108 deceptor
247 1025 330 1090 sotus
351 1031 533 1104 consentiat,
567 1027 647 1109 quod
670 1027 768 1090 meere
801 1032 900 1108 potest
922 1028 1002 1090 nuiia
1033 1031 1222 1092 intimatione

86 1131 122 1192 de
143 1129 202 1192 hoo
230 1129 307 1190 iaetu
336 1127 423 1192 alteri
445 1131 585 1212 conjugi,
616 1135 647 1191 oi
675 1135 707 1191 ut
732 1135 816 1212 putat
837 1128 971 1192 Sunchez
1000 1131 1091 1212 (disp.
1115 1129 1166 1194 32.
1191 1129 1222 1196 9.

85 1233 103 1295 i.
126 1236 170 1306 o.)
193 1231 290 1295 solum
313 1233 442 1311 iuterna,
467 1239 498 1296 et
519 1235 552 1294 in
566 1232 656 1296 oorde
678 1249 744 1310 suo,
769 1251 959 1315 quocumque
982 1237 1125 1316 temporis
1151 1251 1223 1315 spa-

86 1339 126 1399 tio
146 1335 317 1416 interjecto.
339 1349 384 1386 -‘
406 1335 481 1399 Vide
504 1341 603 1398 tamen
625 1343 653 1410 ς.
677 1333 728 1400 62.
753 1354 780 1400 n.
806 1335 837 1399 2.

612 1515 639 1584 ι.
661 1500 690 1572 3.

266 1632 318 1694 De
335 1629 555 1694 insumuona
573 1645 614 1692 ue
631 1631 796 1707 fflmtiata
815 1631 1039 1694 matrimonii.

130 1837 135 1846 ,
169 1763 192 1826 Ι.
216 1762 437 1826 Matrimonium
452 1779 513 1825 non
532 1761 619 1825 modo
633 1781 672 1823 ex
683 1763 875 1828 inclinatione
885 1762 914 1838 ²)
931 1769 1056 1826 naturae
1073 1763 1222 1828 humanae

81 1872 187 1948 insita,
221 1867 386 1930 sedetiam
410 1869 537 1946 positiva
561 1865 615 1928 Dei
645 1866 833 1930 ordinatione
856 1868 918 1952 jam
942 1867 978 1930 ab
1006 1869 1091 1930 initio
1128 1861 1223 1930 iuts'so

81 1975 262 2049 institutum,
285 1969 366 2032 oiare
388 1967 477 2032 dooei
498 1963 543 2030 Ss.
567 1968 732 2031 Conoiiium
756 1970 888 2033 Trident.
912 1969 958 2032 his
981 1971 1095 2032 verbis:
1131 1970 1224 2048 „Ma-

83 2077 214 2137 trimonii
233 2077 409 2154 perpetuum
424 2071 722 2154 indissolubiiemque
736 2090 846 2134 nexum
864 2077 976 2152 primus
987 2072 1109 2135 humani
1124 2089 1225 2156 gene-

82 2183 123 2240 ris
147 2194 258 2258 parens
281 2177 380 2237 diuina·
398 2175 537 2256 Spiritus
559 2175 706 2236 instinctu
729 2180 933 2256 pronuntiavit
955 2195 1023 2239 omn
1047 2176 1137 2242 dixit:
1154 2163 1224 2238 'Hoo

84 2300 165 2344 nuno
189 2297 224 2343 os
247 2298 286 2342 ex
308 2278 427 2342 ossibus
451 2281 525 2340 meis
556 2281 587 2338 et
609 2296 678 2341 caro
701 2277 738 2339 de
761 2295 851 2338 earne
876 2295 940 2340 moa
948 2297 957 2354 3
987 2297 1074 2361 quam
1090 2279 1137 2343 *ob
1160 2294 1223 2340 rem

85 2386 239 2466 relinquet
256 2381 346 2445 homo
370 2388 483 2464 patrem
499 2399 584 2443 suurn
610 2387 639 2442 et
654 2386 778 2444 mairem
798 2385 828 2440 et
845 2379 1017 2442 adhaerebit
1036 2385 1122 2444 uxori
1140 2400 1224 2460 suae,

88 2497 117 2551 et
137 2493 228 2550 erunt
244 2485 303 2549 duo
319 2489 457 2546 incarne
472 2481 601 2558 una.“²')
625 2481 748 2546 Addidit
770 2487 849 2545 enim
865 2483 947 2544 Deus
969 2483 1094 2545 naturali
1118 2489 1225 2545 mairi-

86 2595 180 2654 monii
204 2589 407 2670 conjunctioni
423 2591 599 2668 perpetuum
622 2585 903 2649 etindtssoiubiiem
928 2584 1050 2663 nodum,
1074 2586 1223 2666 siquidem

86 2701 116 2758 ot
138 2693 234 2776 prolis
257 2687 429 2752 educandae
451 2688 567 2764 studio,
600 2693 630 2750 et
651 2687 718 2751 aitis
744 2691 924 2751 matrimonii
953 2687 1040 2750 bonis
1062 2695 1223 2771 repugnat,

88 2805 121 2860 ut
144 2797 213 2878 ejus
235 2792 387 2857 vinculum
411 2791 585 2854 dissolubile
607 2789 691 2868 sit.⁴)

100 2957 108 2974 ,
173 2895 207 2962 ii.
232 2897 452 2960 Matrimonium
475 2899 519 2957 sie
542 2899 652 2956 unitate
682 2900 713 2957 et
736 2893 875 2956 firmitate
897 2893 1039 2956 divinitus
1063 2897 1224 2971 munitum,

87 3019 199 3088 magna
223 3005 287 3062 erat
309 2997 455 3081 dignitate
484 2997 521 3060 ab
544 2999 643 3075 initio,
673 2997 841 3060 ordinatum
865 2995 985 3078 quidem
1015 3001 1083 3058 ante
1115 3015 1226 3076 peeca-

89 3112 153 3168 tum
177 3107 209 3166 io
233 3099 364 3166 officium
388 3105 522 3178 naturae,
547 3105 614 3182 post
629 3107 783 3184 peecatum
805 3107 904 3164 autern
921 3102 1044 3180 insuper
1065 3102 1097 3160 tn
1120 3115 1227 3162 reme-

88 3207 171 3272 dium
195 3210 299 3270 uontra
325 3203 457 3272 libidinis
479 3203 626 3282 morbum,
650 3211 680 3268 et
702 3203 819 3284 habuit,
843 3204 948 3266 saltam
971 3207 1040 3266 anto
1061 3207 1226 3282 peccatum,

88 3317 120 3374 ui
142 3310 248 3392 plures
274 3307 399 3384 dooom,
425 3308 486 3390 jin
509 3307 638 3390 aliquam
668 3311 815 3372 rationem
839 3301 1073 3381 Sacramenti.⁵)
1116 3304 1222 3368 Postea

115 3510 139 3576 ¹)
158 3509 230 3576 Gury
247 3507 333 3560 Theoi.
353 3523 416 3559 mor.
435 3507 468 3560 do
486 3515 557 3559 matr.
579 3507 654 3561 itae.

115 3599 139 3662 ²)
158 3597 185 3648 S.
202 3595 290 3648 Thoar.
314 3593 470 3657 Dicendum,
494 3593 561 3664 quod
580 3603 669 3648 natura
693 3593 795 3646 inelinai
817 3589 850 3642 ad
869 3593 1069 3651 matrimonium,
1096 3589 1229 3640 intendens

159 3681 264 3752 aliquod
282 3680 386 3734 bonum.
405 3679 487 3750 suppl.
506 3687 604 3750 quaeat.
622 3681 663 3732 42.
682 3695 706 3731 a.
724 3681 749 3730 2.
788 3713 789 3716 =

117 3770 142 3834 3)
159 3767 227 3820 Sena.
239 3768 280 3819 24.
299 3765 378 3818 doctr.
387 3765 419 3817 de
428 3765 498 3818 Saer.
507 3755 580 3818 mati.
591 3765 623 3817 ci.
630 3764 723 3818 Genea.
734 3767 758 3816 2.
769 3765 810 3817 23.
828 3763 894 3832 Epir.
905 3767 928 3816 5.
939 3765 982 3826 30,
994 3761 1035 3814 31.
1054 3757 1138 3811 iiatih.
1152 3758 1190 3812 ta.
1204 3763 1229 3811 5.

117 3851 438 3918 ⁴)Gataehiaai.1tom.i.
458 3869 480 3903 c.
500 3869 524 3922 q.
544 3852 584 3904 11.

117 3939 142 4006 ⁵)
159 3939 194 3990 St.
212 3935 311 3990 Bonan.
326 3937 416 4002 ³„flioe
433 3945 485 4000 aar,
504 3939 571 4008 quod
589 3935 657 3990 neus
676 3936 709 3988 ab
726 3939 797 3990 initio
814 3938 929 3999 instituit,
950 3944 978 3986 ut
995 3933 1140 4004 propagatio
1158 3931 1231 3986 tieret

160 4041 206 4097 pai
231 4025 436 4094 eonjuuctiouero
460 4027 535 4080 maiia
558 4033 583 4076 et
605 4021 714 4078 iemiaao
735 4020 891 4078 indiuiduam
915 4029 943 4089 ,ot
967 4019 1135 4094 singularem,
1163 4031 1229 4094 quae
