2758 4664
450 252 488 306 lla
509 250 598 306 Cauris
617 253 849 311 matrimonialibus.
1046 306 1049 311 ,
1143 237 1217 308 -207

165 414 292 494 gratiam
319 408 523 492 Apostolicam
560 417 724 492 mereatur,
761 417 833 474 itenr
867 411 1069 492 multiplicitas
1101 412 1215 478 crimen

163 519 338 598 exaggeret.
352 513 377 590 ¹)

99 613 139 692 i)
165 617 331 678 Periculum
355 621 557 699 perversioris
580 635 634 680 seu
658 617 802 698 haraeus,
825 619 905 700 quod
929 619 1024 702 adest,
1049 639 1116 686 cum
1135 621 1216 684 Ora-

163 726 246 782 tores
268 727 337 783 sunt
359 722 506 800 catholici,
531 721 615 784 locus
629 740 702 784 vero
726 725 837 785 mixtae
859 723 1015 806 religionis
1037 729 1094 803 est,
1117 724 1217 788 adeo-

163 843 223 904 que
248 842 305 888 non
328 823 395 886 leve
417 824 583 905 periculum
605 829 752 902 imminet,
778 843 816 887 ne
838 826 1052 908 impedimento
1074 826 1214 908 prohibiti

165 934 195 990 in
219 927 277 988 lide
299 934 519 1009 pervertantur,
545 933 575 990 et
598 928 634 990 ab
658 946 694 991 ea
714 928 868 1002 deficiaut3
891 926 948 989 hoo
969 934 1069 993 tamen
1092 932 1216 1009 pericu-

163 1031 223 1092 lum
246 1034 276 1092 in
295 1034 431 1112 positivis
454 1032 619 1094 rationibus
642 1035 695 1092 niti
714 1031 812 1109 debet,
838 1051 897 1094 non
917 1038 949 1094 in
966 1036 1045 1101 insui
1059 1036 1175 1095 timore.
1184 1029 1215 1109 ²)

164 1133 197 1198 ln
215 1135 425 1198 remotioribus
448 1139 547 1197 tamen
565 1132 722 1218 gradibus,
746 1133 861 1196 scilicet
877 1138 907 1196 in
927 1134 1060 1198 secundo
1080 1141 1110 1197 et
1126 1140 1214 1198 tertio
1309 1121 1312 1128 ¹

74 1241 181 1298 mixtis
211 1242 242 1298 et
266 1242 373 1320 quarto
404 1236 516 1320 gradu,
547 1244 577 1298 et
605 1243 636 1298 in
664 1237 729 1300 aliis
757 1236 994 1320 impedimentis,
1028 1257 1105 1322 quae
1132 1238 1215 1302 hisco

74 1339 293 1401 remotioribus
316 1339 458 1424 gradibus
481 1343 724 1422 aequiparantur,
753 1344 842 1402 etiam
863 1343 895 1401 in
922 1339 1017 1405 forma
1038 1359 1212 1426 pauperum,

74 1449 197 1522 praeter
226 1447 392 1506 nominatas
422 1461 527 1506 causas
553 1442 747 1520 difamantes,
777 1441 854 1504 aliae
884 1461 1020 1526 quoque,
1047 1443 1126 1508 inira
1155 1461 1214 1506 ex·

75 1546 247 1627 ponendae,
271 1545 446 1628 plerumque
469 1547 505 1610 ad
529 1545 761 1626 dispensandum
785 1547 969 1634 sullicieutes
991 1546 1154 1627 habentur,
1181 1552 1214 1609 ut

73 1647 287 1710 animadvertit
309 1648 490 1733 Schmalzgr.
513 1669 581 1712 curn
604 1649 821 1730 probatissimis
843 1647 1063 1728 auctoribus.³)

163 1749 213 1812 tt.
244 1750 278 1812 ln
308 1751 404 1817 torma
432 1757 582 1815 communi
610 1751 755 1816 solvenda
784 1759 829 1818 esi
859 1759 937 1816 tuuc
959 1752 1161 1818 Cancellatiae
1184 1757 1215 1815 et

76 1857 258 1934 compositio
283 1855 378 1936 major
400 1855 448 1916 vel
470 1861 569 1919 minor
590 1874 644 1938 pro
668 1856 843 1919 diversitate
865 1856 985 1940 gradus,
1011 1861 1125 1938 inquo
1148 1856 1215 1918 dls-

75 1963 233 2038 pensatur,
265 1965 316 2020 aut
338 1975 444 2042 opum,
473 1960 581 2040 quibus
611 1958 702 2040 pollet
731 1976 859 2038 persona
888 1957 1033 2022 honestae
1063 1959 1211 2034 familiae;

74 2067 105 2124 et
128 2066 158 2124 in
183 2059 241 2122 boc
263 2079 335 2123 casu
356 2067 475 2142 praeter
497 2081 602 2124 causas
621 2061 709 2125 modo
732 2061 840 2124 relatas
862 2062 938 2126 aliae
960 2062 1157 2126 admittuntur
1175 2061 1212 2126 ad

71 2163 307 2244 dispensandum
330 2169 359 2227 in
382 2163 516 2226 secundo
533 2165 628 2248 gradu
646 2170 918 2249 consanguinitatis
939 2171 970 2226 et
993 2169 1214 2246 cousequenter

71 2273 103 2330 in
127 2267 196 2330 aliis
219 2267 288 2330 inuio
310 2267 524 2348 impedimento
547 2273 763 2350 aequiparatis,
786 2269 941 2332 videlicet:

102 2370 136 2444 1)
160 2370 258 2432 Actus
275 2369 409 2448 feminac
428 2371 641 2452 superadulta,
665 2389 743 2452 quae
759 2391 870 2436 annum
886 2367 927 2434 24
944 2370 1096 2433 excedens
1116 2375 1212 2434 virum

162 2475 220 2537 sibi
244 2491 344 2554 parem
368 2473 511 2536 hactenus
533 2490 594 2534 non
609 2478 736 2553 invenit,
759 2477 790 2536 si
810 2475 875 2538 clia
896 2473 998 2538 adbuc
1017 2492 1115 2536 causo
1134 2493 1212 2536 cou-

160 2583 287 2652 currut,·
308 2576 382 2638 hacc
406 2583 504 2639 tamen
528 2593 617 2639 causa
641 2594 701 2638 non
723 2576 811 2638 habet
833 2578 931 2640 locum
954 2581 986 2640 in
1008 2577 1117 2642 viduis.

98 2681 135 2752 2)
159 2679 319 2742 Euticu-ctio
342 2682 519 2742 inimicitiae
539 2681 658 2758 prucis,
681 2683 707 2741 si
729 2681 844 2743 scilicet
867 2699 922 2761 per
943 2677 1111 2762 hujusmodi
1135 2697 1213 2742 con-

155 2783 276 2866 jugium
308 2789 387 2846 inter
416 2799 562 2864 personas
591 2787 833 2865 consanguineas
862 2783 912 2845 vel
941 2783 1028 2846 aliter
1055 2783 1212 2864 impeditas

157 2891 266 2948 initum
289 2905 346 2968 pax
368 2891 458 2968 atque
481 2884 642 2948 concordia
665 2886 799 2961 stabiliri,
823 2885 891 2948 odia
913 2889 1017 2968 sopiri,
1041 2885 1212 2948 discordiae

159 2992 313 3072 extingui,
344 2993 494 3074 removeri
516 2987 681 3072 periculum
709 2992 827 3054 animae
850 2995 880 3050 et
902 2989 959 3052 alia
981 2988 1119 3052 scandala
1142 2992 1212 3050 evi-

159 3095 217 3153 tari
239 3096 363 3172 possint.
402 3092 490 3156 ilatio
514 3097 568 3167 est,
594 3095 663 3173 quia
686 3111 754 3173 pax,
779 3095 960 3182 praesertimv
976 3096 1058 3154 inter
1079 3092 1211 3173 opulen-

156 3200 213 3271 tos
239 3195 397 3274 plurimum
421 3194 562 3258 conducit
584 3212 638 3277 pro
661 3195 738 3258 bono
761 3195 890 3276 publico.
919 3193 1002 3268 Quae
1025 3201 1124 3259 autem
1147 3199 1208 3259 sint

154 3299 330 3360 inimicitiae
352 3315 476 3380 graves,
499 3298 677 3380 relinquitur
694 3297 805 3378 judicis
828 3299 961 3364 arbitrio.

97 3399 133 3476 3)
156 3400 305 3480 Defectus
328 3402 419 3476 dotis,
442 3400 561 3482 quando
585 3402 700 3464 scilicet
721 3401 770 3462 vel
794 3406 916 3465 omnino
939 3399 1053 3465 nullum
1075 3399 1125 3464 vel
1148 3419 1210 3464 nou

155 3509 377 3588 competentem
390 3524 506 3584 sponsu
520 3503 608 3566 babet
622 3502 722 3567 dotem
735 3503 772 3568 ad
789 3504 960 3568 nubendum
976 3504 1065 3567 alicui
1078 3503 1208 3586 usquein

95 3693 201 3763 ¹.)Gap
221 3693 283 3744 cium
300 3691 415 3745 babuci.
438 3691 462 3744 ii.
480 3687 511 3744 X
530 3692 624 3756 dcco,
648 3691 881 3760 quicoguovit(l.
901 3686 1145 3758 atteiensem.
1165 3693 1206 3746 tt.

138 3781 170 3832 de
188 3780 289 3832 reform.
308 3779 417 3831 matrim
435 3793 457 3828 c.
475 3781 500 3829 b.
571 3829 573 3834 ,

96 3867 237 3935 ')lluopp
257 3882 281 3933 p
300 3867 360 3918 163.

93 3953 116 4022 ³)
135 3952 283 4018 Scbmalup.
301 3953 339 4003 tlt.
359 3951 399 4003 16
418 3967 443 4002 ιι.
465 3949 522 4004 138.
552 3948 660 4002 donau.
678 3948 721 4001 lib.
740 3951 764 4002 7.
783 3967 805 4002 e.
825 3948 849 4002 3.
868 3966 893 4002 n.
913 3948 953 4002 17.
982 3949 1074 4002 dusiis.
1093 3948 1124 3999 de
1142 3948 1207 4016 disp.

137 4039 180 4092 lib.
199 4041 223 4091 3.
241 4054 264 4090 c.
285 4038 307 4090 1.
325 4053 351 4090 ιι.
371 4035 428 4089 115.
446 4034 581 4103 Reiffenst
600 4035 709 4105 append.
728 4053 753 4088 ιι.
774 4037 831 4090 tat.
