2764 4664
171 215 237 312 284
554 231 592 286 Do
615 231 791 288 Goichrattoma
809 233 966 306 Nuptiarum.

171 395 228 480 tes,
247 395 281 456 et
303 389 341 454 de
363 388 471 480 qulbus
492 389 573 461 nulla
589 393 675 481 viget
694 393 828 458 criminis
848 395 991 476 suspicio,
1013 395 1046 454 in
1068 389 1185 460 occuito
1207 394 1296 468 tamen

171 492 369 581 concubinatu
402 498 618 576 perseverent;
648 493 736 558 tacite
765 497 847 556 enim
875 498 1002 581 quisquc
1031 495 1187 578 conjiciet,
1216 511 1297 581 quam

170 596 316 661 absonum
339 602 435 676 esset,
465 615 518 660 eos
540 615 557 660 a
579 601 656 660 statu
679 597 876 662 damnationis
899 601 1100 682 pergratiam
1123 595 1298 662 Sacramcuti

170 697 375 776 munorum,
396 697 434 766 ad
456 699 574 781 publice
596 699 831 766 contrahendum
855 705 1075 765 matrimonium
1097 703 1225 782 praeviis
1247 698 1299 762 dc-

169 801 404 873 nuntiationibus
447 801 597 883 competii,
621 807 694 880 etc.;
723 797 759 882 4)
783 811 815 868 ut
836 803 873 868 ad
905 803 1066 868 idruunus
1088 803 1247 884 deputetur
1266 802 1299 886 ab

168 903 316 992 Episcopo
338 901 486 990 parochus
508 903 631 971 alterius
653 923 692 971 eu
715 905 975 984 contrahentibus,
998 907 1064 986 vei,
1087 909 1173 990 gravi
1195 906 1300 991 impel-

168 1006 249 1070 lente
271 1024 380 1084 causa,
404 1005 480 1070 alius
503 1008 660 1086 sacerdos,
691 1012 741 1090 qui
764 1015 864 1072 tamen
894 1009 1040 1090 probitate
1067 1013 1098 1070 et
1119 1007 1252 1073 doctrina
1273 1015 1302 1075 et

167 1106 298 1182 oteumi
320 1113 454 1178 muueris
475 1115 582 1192 peritia
605 1110 845 1188 commendatum
877 1113 912 1192 5)
936 1118 969 1175 ut
996 1111 1208 1179 contrahentes
1237 1132 1302 1176 mo-

168 1217 305 1290 ueantur,
326 1211 463 1281 sobolem
486 1212 698 1296 procreandam
721 1219 895 1300 regenerari
919 1219 1136 1296 quamprimum
1165 1221 1304 1298 oportere

167 1315 353 1401 baptismatis
374 1315 504 1391 lavacro,
525 1335 571 1396 ac,
595 1321 735 1398 tanquam
758 1316 911 1400 legitimos
927 1317 1014 1397 tilios,
1037 1316 1151 1390 baberi,
1174 1323 1305 1402 pietate-

167 1437 227 1501 que
248 1417 396 1499 bonisque
419 1417 551 1482 moribus
566 1419 673 1494 imbui;
696 1416 730 1496 6)
754 1425 795 1500 ut,
819 1420 971 1483 celebrato
994 1425 1202 1498 matrimonio,
1224 1421 1305 1485 indi-

166 1523 226 1608 lqte
247 1539 266 1584 a
286 1519 418 1605 parocho
439 1519 489 1585 val
510 1520 570 1584 aiio
592 1521 766 1603 sacerdota,
794 1541 895 1586 coram
918 1542 977 1605 quo
1000 1527 1104 1586 initum
1127 1529 1191 1604 est,
1217 1523 1305 1590 exhi-

166 1625 272 1710 beatur
293 1628 435 1712 episcopo
463 1622 543 1692 iliius
572 1628 714 1706 scriptum
739 1623 967 1702 documentum,
995 1645 1063 1689 cum
1094 1633 1164 1691 nota
1195 1627 1255 1692 loci
1277 1633 1307 1690 ct

167 1731 327 1815 tatttpuriS,
360 1730 558 1808 testiumque,
588 1731 639 1812 qui
670 1727 864 1795 celebrationi
891 1730 1111 1810 interfuerunt,-
1144 1731 1179 1808 t)
1209 1737 1243 1792 ut
1272 1731 1306 1794 ab

165 1829 314 1914 Episcopo
342 1829 379 1898 ad
406 1845 569 1914 perennem
602 1835 707 1913 gestae
738 1835 782 1892 rei
813 1835 987 1897 memoriam
1019 1832 1184 1914 praefatum
1208 1833 1307 1904 docu-

166 1937 299 2002 neutum
320 1931 451 2000 fideliter
472 1932 630 1996 transcribi
652 1939 774 2000 curetur
795 1937 826 1996 in
849 1933 925 1997 libro
949 1953 1071 2015 prorsus
1103 1934 1246 1998 distincto
1272 1934 1308 1999 ab

165 2035 270 2113 altero,
293 2037 325 2102 iu
348 2053 408 2120 quo
430 2039 617 2101 matrimonia
638 2036 754 2117 publice
777 2043 927 2100 contracta
950 2036 988 2098 de
1004 2055 1087 2099 more
1110 2041 1309 2115 annotantur;

165 2137 201 2214 8)
223 2141 256 2200 ut
286 2135 458 2220 hujusmodi
488 2137 564 2200 liber
593 2157 647 2219 pro
678 2145 875 2204 matrimoniis
904 2142 1031 2203 sacratis
1061 2138 1205 2220 apposite
1221 2157 1311 2202 com-

165 2246 282 2330 pactus,
311 2240 430 2310 clausus
460 2247 491 2305 et
518 2240 625 2328 sigiliis
656 2243 849 2328 obsignatus,
882 2245 914 2303 in
943 2241 1105 2322 episcopati
1128 2239 1311 2306 cancellaria

167 2349 255 2417 mute
283 2342 485 2424 custodiatur,
518 2351 549 2408 et
579 2363 617 2408 eo
646 2351 759 2415 tautum
788 2363 859 2414 casu
887 2347 1060 2430 resignatur
1089 2350 1119 2406 et
1141 2348 1309 2424 aperiatur,

171 2446 310 2541 Episcopi
332 2446 495 2515 accedente
506 2450 637 2526 licentia,
659 2467 720 2532 quo
734 2449 791 2517 alia
805 2448 836 2511 id
854 2464 952 2535 genus
965 2449 1152 2510 matrimonia
1175 2446 1311 2510 describi

166 2555 311 2635 oporteat,
334 2549 384 2614 vel
405 2549 436 2615 id
456 2551 513 2616 sibi
536 2551 668 2620 uindicet
686 2553 821 2634 justitiae
843 2549 1098 2613 administrandae
1120 2554 1311 2628 necessitas3

164 2651 204 2734 9)
227 2657 259 2716 ut
280 2657 488 2722 attestationes
511 2655 587 2721 clam
610 2652 752 2719 celebrati
767 2657 947 2716 matrimonii
969 2673 986 2716 a
1008 2651 1138 2738 parocho
1161 2658 1312 2716 exaratae

164 2759 197 2830 iu
217 2758 375 2826 secretiori
396 2755 465 2822 loco
494 2761 670 2832 servantum
696 2754 751 2832 10)
782 2761 814 2820 ut
835 2757 925 2820 simili
947 2755 1035 2820 modo
1065 2755 1250 2841 procedatur
1274 2754 1312 2816 dc

164 2861 359 2934 assumtione
386 2857 523 2942 baptismi
560 2859 722 2928 liberorum
750 2876 790 2920 cx
820 2857 989 2946 hujusmodi
1025 2862 1218 2922 matrimonio
1252 2877 1312 2922 na·

165 2957 309 3040 hramh·

685 3140 713 3208 s.
738 3131 787 3196 75.

98 3309 100 3316 ·
161 3233 167 3332 s
295 3283 347 3357 De
363 3281 562 3358 mamutio
578 3284 722 3365 amoeni
738 3284 777 3354 in
794 3285 1027 3362 matrimoniis
1045 3285 1172 3364 muas.

251 3425 274 3488 i.
295 3423 461 3488 Ecclesiam
482 3430 672 3490 matrimonia
695 3431 786 3492 mixta
808 3433 983 3510 permittere
1009 3428 1130 3512 quidem
1153 3435 1187 3492 ut
1209 3431 1310 3508 licita,

163 3531 321 3612 postquam
343 3531 391 3606 iis,
414 3533 592 3610 inquantum
613 3535 730 3612 potest,
754 3549 876 3594 succum
904 3533 1013 3595 malum
1036 3551 1091 3613 per
1111 3533 1311 3603 conditiones

162 3635 365 3714 praescriptos
388 3629 551 3709 subtraxit,
581 3631 634 3694 sed
658 3650 693 3696 ea
716 3651 867 3714 nunquam
889 3635 1069 3716 approbare,
1099 3640 1311 3718 exsuperius

164 3733 254 3800 dinis
273 3733 361 3818 plane
383 3739 474 3817 patet.
519 3732 621 3817 ltaque
643 3753 697 3818 per
726 3753 759 3800 se
782 3740 950 3804 assistentia
973 3757 1026 3803 sua
1048 3737 1197 3820 ejusmodi
1222 3755 1310 3821 nup-

165 3891 371 3904 --—-——

160 3975 387 4084 „aaronitae
401 3995 533 4060 tactim
551 3997 616 4060 xiv,
634 4002 661 4058 iu
679 4009 739 4060 nm
758 4003 782 4069 t.
801 4000 826 4057 S·
843 3946 941 4077 aanor.
959 4001 1019 4068 circ
1038 4002 1169 4068 iiartsbon.
1190 4003 1270 4070 184⁷·
