2764 4664
176 163 252 258 ’π
589 205 670 262 Cum
686 207 891 260 uninomialei.

185 361 273 428 iiuc
304 363 405 426 auten
437 368 618 428 culminum
649 364 689 428 ie
717 368 907 426 matrimonio
938 365 1103 428 secundum
1133 366 1323 430 rudentum

140 493 147 502 ·
184 479 271 550 pepoe
292 464 506 546 conuehendo,
530 472 620 530 etiam
643 471 674 528 in
696 467 774 546 loco,
799 467 850 530 nbi
872 467 943 530 illae
965 486 1026 530 non
1048 472 1192 553 vigeant,
1218 469 1257 532 ab
1279 487 1322 548 eo,

185 573 236 652 m
258 571 348 632 talem
370 573 402 630 in
425 569 525 632 lecum
546 587 580 632 se
603 569 764 632 contulerit
785 565 852 632 aine
873 577 972 632 monle
994 571 1105 634 ibidem
1124 573 1253 650 fhmuan
1275 591 1325 634 se-

184 672 253 736 dere
273 691 313 735 oc
334 671 522 734 domicilium
543 673 726 749 collocandi,
748 673 815 736 lusa
838 679 1028 756 propugnant
1049 674 1172 758 Enriq,
1196 676 1324 753 Silvius,

184 776 329 856 andrie„
372 773 516 838 Cicricot.
553 793 680 857 eamque
717 777 822 839 saitem
863 776 1046 855 probabilem
1084 795 1154 842 esse
1193 785 1326 840 contan-

184 877 259 942 duaa
281 877 423 942 Sanciae
454 878 504 940 lib.
526 874 555 941 3.
580 877 654 958 disp.
682 876 729 942 18.
754 897 783 940 n.
806 879 858 942 27.
882 879 1035 959 Leander,
1062 879 1100 942 de
1123 886 1211 943 matr.
1236 885 1273 943 tr.
1297 877 1324 944 9.

183 988 291 1066 qmest
327 979 414 1058 il.¹)
439 1031 445 1044 .
470 1027 476 1044 .
503 1029 510 1043 .
1368 999 1369 1048 t

269 1087 370 1149 Tertia
396 1100 474 1164 quac
497 1087 688 1164 proponitur,
719 1082 863 1146 nullitatis
890 1090 966 1148 ratio
996 1091 1149 1166 promanat
1171 1105 1190 1148 a
1214 1085 1325 1150 condi·

184 1191 285 1264 tione,
307 1187 445 1270 quami.
468 1185 504 1249 A.
529 1189 721 1248 matrimonio
743 1184 867 1267 adjecit,
903 1189 1041 1250 nimirum
1069 1193 1093 1250 si
1118 1187 1269 1252 christina
1293 1207 1324 1250 sc

183 1293 323 1356 ceuilem
346 1289 525 1372 adjungeret
547 1293 654 1351 marito
676 1295 708 1351 in
732 1295 855 1370 patriam
878 1291 1052 1354 catholicam
1075 1309 1263 1368 reversare,
1295 1298 1322 1352 et

183 1393 360 1460 catholicam
383 1393 563 1475 religionem
584 1393 823 1472 amplecteretur.
858 1393 934 1466 Ouili
958 1391 1128 1456 documenti
1152 1391 1190 1456 ad
1213 1392 1323 1475 hujus-

182 1497 262 1562 modi
289 1496 494 1560 conditionem
516 1500 546 1556 in
570 1495 649 1558 facin
678 1496 860 1575 probandam
888 1495 1045 1573 afferatur,
1075 1513 1165 1576 supra
1194 1495 1322 1557 relatum

182 1605 237 1666 est.
282 1598 360 1674 Quid
381 1617 455 1662 vero
478 1603 620 1660 momenti
643 1596 753 1660 habere
776 1604 885 1680 possit,
910 1597 1153 1680 perpendendum
1177 1605 1235 1663 est.
1368 1663 1369 1668 ,

268 1704 374 1780 Certe,
403 1706 429 1764 si
453 1701 520 1764 talis
542 1700 674 1764 conditio
696 1701 848 1766 censenda
871 1709 952 1764 esset
975 1701 1083 1763 habere
1107 1705 1207 1782 potius
1231 1707 1324 1764 natu-

48 1851 52 1860 .
182 1823 246 1875 rann
267 1807 360 1880 modi,
383 1808 448 1866 sive
467 1807 563 1884 pecii,
588 1805 654 1886 ejus
676 1806 801 1868 violatio
825 1807 922 1869 iocum
945 1803 1016 1866 dare
1038 1821 1099 1866 non
1124 1810 1228 1884 posset
1252 1809 1324 1866 irri-

181 1913 292 1994 tationi
310 1910 501 1970 matrimonii.
524 1905 690 1986 (Sanchea,
716 1908 854 1986 Pontius,
882 1907 1056 1970 llecisiones
1078 1907 1200 1982 Rotae.)

187 2063 191 2070 .
268 2011 424 2074 Caeterum
453 2009 503 2071 nbi
533 2014 621 2072 etiam
645 2016 750 2094 agatur
779 2011 910 2073 devera
938 2015 969 2071 et
999 2015 1117 2091 propria
1147 2013 1323 2073 conensem

181 2111 315 2178 inturnm
336 2117 479 2176 eventum
503 2116 693 2192 respiciente,
719 2113 856 2194 adeoque
879 2117 1055 2193 suspensiva
1077 2113 1190 2176 valoris
1215 2120 1322 2176 mairi-

181 2220 285 2292 menii,
306 2215 380 2279 iliad
401 2215 508 2294 obstat,
532 2214 613 2296 qued
635 2223 841 2278 consummato
864 2221 933 2278 anie
956 2215 1021 2295 ejus
1044 2221 1186 2278 eventum
1212 2222 1321 2278 matri-
1368 2221 1369 2236 ¹

181 2324 282 2383 menie
312 2337 464 2382 recessum
495 2317 589 2380 inisse
620 2317 740 2381 videtur
768 2319 805 2381 ab
833 2338 869 2382 ea
900 2318 1089 2396 conditione,
1123 2323 1154 2379 et
1182 2318 1320 2381 absolute

182 2427 345 2504 praestitas
367 2427 399 2484 in
421 2425 642 2483 matrimonium
665 2439 831 2485 consensus
853 2425 1003 2484 censetur.
1144 2413 1147 2418 ’
1368 2469 1369 2474 ,

265 2523 325 2590 sed
346 2529 379 2588 in
394 2541 466 2586 casn
486 2528 639 2604 proposito
659 2523 808 2586 noandae
824 2531 893 2587 sunt
912 2524 1078 2605 peculiares
1101 2525 1170 2586 iacti
1183 2528 1318 2586 circum·
1368 2579 1369 2594 ,

179 2633 317 2692 stantiae.
361 2625 466 2708 Nuper
487 2630 569 2688 enim
591 2645 607 2689 a
631 2625 719 2689 Curia
741 2626 911 2708 Episcopali
929 2627 1017 2708 jussu
1039 2626 1067 2690 S.
1093 2625 1317 2710 congregatio-

180 2735 226 2795 nla
256 2735 459 2814 interrogatus
487 2727 514 2794 J.
544 2727 695 2792 Antonius
722 2731 841 2810 juratus
871 2729 1041 2810 respondit,
1074 2747 1108 2790 sc
1138 2747 1199 2792 nou
1232 2729 1317 2792 aliter

179 2851 247 2898 ruer
269 2831 417 2896 chrisum
440 2835 660 2895 matrimonium
682 2837 883 2910 contraxisse,
913 2851 970 2894 nec
992 2849 1026 2893 se
1047 2829 1188 2894 habuisse
1212 2836 1317 2894 inten-

146 2969 151 2974 ·
180 2940 293 3000 torrem
315 2935 403 2998 aliter
424 2932 636 3013 contrahendi,
664 2953 753 3016 qnam
777 2941 809 2996 ut
836 2935 945 2996 mulier
971 2939 1069 3016 ipsum
1096 2934 1265 2996 rediturum
1288 2939 1317 2996 in

178 3043 305 3120 patrium
328 3035 504 3102 catholicam
528 3041 731 3116 comitaretur,
754 3037 873 3119 ibique,
897 3036 1034 3119 deposito
1056 3055 1178 3116 errore,
1210 3041 1318 3100 matri·

178 3145 311 3206 rueninm
332 3144 442 3202 iterum
465 3140 656 3204 contraheret
678 3139 823 3203 catholico
847 3145 905 3202 ritu
913 3159 922 3214 3
953 3145 1107 3220 praeterea
1139 3140 1317 3222 conjugium

179 3241 409 3308 cannensem
431 3247 548 3322 initum,
572 3261 629 3306 nec
651 3250 748 3320 antea,
773 3260 829 3304 nec
848 3247 950 3322 postea
973 3241 1112 3304 habuisse
1135 3257 1192 3321 pre
1207 3241 1315 3320 valido,

176 3363 274 3429 usque
301 3345 372 3408 dnm
395 3363 431 3410 ea
453 3346 677 3410 conditionibus
705 3345 765 3408 illis
788 3348 906 3425 inipso
936 3343 1130 3407 contrahendi
1158 3349 1229 3406 actu
1259 3364 1318 3406 ex-

176 3453 307 3532 pressis,
330 3455 361 3512 et
383 3449 420 3514 ab
441 3453 507 3530 ipsa
528 3453 692 3530 acceptatis
714 3447 910 3512 satisfecisset
917 3465 927 3522 ;
958 3446 1039 3510 nulio
1064 3453 1201 3528 tempore
1223 3466 1259 3511 sc
1281 3448 1318 3512 ab

175 3567 216 3618 ea
238 3557 393 3635 proposito
416 3557 588 3616 recessisse.
613 3602 620 3617 .
645 3601 653 3616 .
678 3602 684 3616 .
712 3549 791 3623 Quin
813 3554 908 3632 etiam
925 3567 1047 3630 semper
1069 3568 1102 3612 se
1124 3555 1318 3637 existimasse

176 3655 310 3722 runnu
325 3655 578 3720 consuetudinem
599 3673 666 3718 eum
682 3653 839 3732 Christina,
861 3653 955 3716 veluti
975 3671 1035 3715 nen
1055 3653 1191 3736 iegltIma
1208 3671 1316 3733 uxore,

175 3763 209 3824 at
227 3759 324 3824 Μ)
343 3775 386 3822 a:
403 3777 439 3822 ea
461 3763 634 3840 susceptum
653 3761 721 3838 post
744 3758 818 3820 tales
836 3761 956 3838 nuptias
978 3773 1012 3818 se
1032 3759 1189 3834 conculsa
1211 3755 1317 3841 illegi-

178 3895 384 3922 μ’μ’-Τ*

182 3977 541 4049 ’·“)·Ὴοῆ.ίῦ.11.,111ε
594 4015 598 4020 -
648 4013 654 4026 ·
702 4007 760 4027 ··=
847 3937 849 3939 ·
953 4020 956 4028 .
1004 4017 1007 4024 ·
