2742 4660
326 253 363 306 Dc
381 254 565 323 impedimentis
584 254 776 322 impedientibus
794 258 819 307 in
837 259 929 324 speeie.
1155 237 1197 306 53

12 397 14 400 ’
93 410 127 487 5)
151 428 204 492 per
234 412 383 492 sponsalia
413 430 481 474 cum
510 413 567 475 alia
596 429 724 494 persona
753 416 824 476 inita
833 460 842 493 ,
875 414 946 476 licet
972 413 1046 476 lraac
1068 431 1106 476 eo
1132 417 1198 496 ipso

150 520 208 577 sint
228 515 368 576 invalida.
378 513 403 591 ¹)

93 614 127 693 6)
150 618 274 679 Licitum
297 635 417 699 quoque
440 624 485 679 ast
508 621 570 694 uni,
594 619 722 697 resilire,
738 621 772 682 st
796 635 835 680 ex
858 625 940 700 parte
963 619 1085 682 alterius
1107 626 1199 683 nota-

148 720 215 782 bilis
235 726 358 784 mutatio
380 721 514 783 inbonis
537 725 602 783 sive
625 725 717 782 animi
735 725 800 783 siva
819 727 953 802 corporis
975 727 1041 785 sive
1061 723 1198 786 fortunae

147 829 310 907 contingat,
321 843 397 905 quae
408 829 433 887 si
444 825 548 887 fuisset
559 828 868 907 cognita,contractus
880 809 1198 898 non‘iuissetinitus.²)

109 927 111 934 '
148 925 196 990 lit.
222 927 302 989 llaec
324 933 467 1008 mutatio,
498 947 555 1009 qua
587 932 781 1012 contingente
810 945 958 1008 unapars
988 928 1069 990 licita
1099 933 1198 1009 potcst

64 1031 195 1106 resilire,
219 1048 287 1093 esso
310 1036 423 1110 potest:

93 1135 124 1209 1)
147 1139 291 1214 exparte
313 1139 420 1213 animi,
450 1139 474 1197 si
498 1135 590 1196 altera
613 1151 680 1214 pars
710 1137 740 1194 in
763 1132 901 1195 haeresin
920 1135 1049 1214 incidat,
1081 1137 1198 1196 ratione

146 1240 279 1298 criminis
309 1235 346 1298 de
371 1238 511 1317 juravet
534 1237 612 1299 iacto
641 1237 761 1298 infamis
791 1235 841 1298 liat
869 1243 921 1298 aut
950 1242 1119 1318 asperiores
1147 1241 1200 1298 in-

146 1341 218 1401 duat
241 1358 339 1402 mores
355 1341 404 1402 vcl
427 1345 451 1402 si
475 1340 613 1403 scandala
637 1347 688 1401 aut
706 1340 807 1423 jurgia
831 1343 934 1421 gravia
957 1345 1038 1402 inter
1058 1346 1199 1420 parentes

144 1445 193 1504 vol
216 1449 298 1524 ipsos
315 1461 440 1523 sponsos
463 1447 596 1505 oriamur
617 1447 669 1522 ita,
693 1448 725 1503 ut
739 1446 857 1504 nonnisi
881 1441 1015 1506 funestos
1038 1459 1196 1506 successus

148 1551 256 1608 timere
278 1547 375 1609 liccat.
1075 1559 1079 1566 ·

86 1651 122 1724 2)
145 1668 186 1711 cx
209 1656 292 1730 parte
315 1653 449 1730 corporis
475 1649 513 1712 oh
535 1650 672 1712 morbum
696 1653 906 1733 contagiosum
929 1650 979 1711 val
1002 1649 1196 1711 incurabilem

71 1773 73 1780 ’
142 1754 193 1814 vel
215 1753 253 1814 ob
276 1753 494 1815 deformitatem
518 1753 678 1815 notabilem
702 1757 976 1833 supervenientem.

86 1853 120 1930 3)
143 1874 182 1917 ex
204 1861 288 1935 parto
305 1854 451 1917 bonorum
475 1855 621 1933 fortunae,
646 1859 670 1918 si
694 1873 802 1936 sponsa
824 1861 939 1936 pactam
964 1856 1062 1918 dotem
1087 1853 1194 1917 atlcrre

143 1965 275 2038 nequeat
302 1964 352 2020 aut
380 1958 531 2037 alterutri,
565 1963 653 2022 ctiam
684 1963 749 2020 sine
779 1957 862 2038 culpa
891 1962 993 2042 gravis
1015 1961 1113 2038 inopia
1146 1962 1197 2019 aut

137 2063 257 2142 jactura
280 2062 425 2124 bonorum
450 2065 626 2144 gravissima
650 2057 889 2142 superveniat.³)

147 2164 315 2238 Quaesito:

147 2267 318 2343 Quaeritur
344 2265 390 2343 10)
421 2285 457 2327 an
481 2271 520 2329 sit
542 2283 630 2329 eausa
654 2265 806 2330 sufficiens
829 2267 1010 2332 dissolvendi
1034 2267 1193 2349 sponsalia,

61 2375 83 2431 si
105 2388 220 2452 sponso
243 2369 382 2432 adveniat
403 2374 524 2452 pinguis
546 2369 735 2432 haereditas?

143 2481 179 2554 lt.
202 2473 363 2535 Affirmant
390 2473 536 2535 nonnulli.
580 2473 667 2535 Ratio
696 2479 758 2553 cst,
791 2478 859 2554 quia
887 2473 966 2534 idem
997 2477 1091 2536 status
1119 2477 1198 2533 inter

59 2583 219 2658 utrumque
249 2595 308 2638 non
331 2575 455 2656 amplius
478 2579 593 2655 existit,
626 2582 656 2636 et
686 2581 709 2639 si
741 2595 868 2657 sponsus
897 2577 974 2638 lianc
1002 2578 1195 2636 mutationem

57 2682 196 2742 fortunae
227 2679 438 2759 praevidisset,
472 2678 553 2740 nullo
583 2679 672 2742 modo
703 2699 770 2742 cum
801 2680 850 2742 tali
881 2697 989 2761 sponsa
1018 2674 1196 2739 contrahere

56 2784 213 2846 voluisset.
258 2782 340 2843 Hanc
371 2785 549 2844 sententiam
579 2787 651 2845 satis
678 2783 805 2863 probaro
832 2783 952 2844 videtur
983 2779 1012 2844 S.
1045 2779 1193 2862 ligorius,

55 2906 81 2949 n.
106 2883 185 2961 876,
210 2885 280 2946 licet
301 2889 466 2965 oppositam
490 2889 763 2947 communissimam
788 2891 892 2959 vocct;
916 2903 931 2946 a
956 2903 1013 2965 qua
1036 2887 1195 2964 propterea

54 2988 220 3051 abscedere
244 2993 313 3066 (ait)
335 3007 391 3050 nec
414 3005 543 3068 unquam
568 3005 626 3071 ego
649 2989 808 3051 consulere
831 2987 983 3051 auderem.
1007 2979 1168 3065 (Gury.)⁴)

66 3089 69 3096 '
142 3091 316 3167 (lecaciter
330 3089 396 3167 2⁰J:
420 3091 468 3152 An
487 3095 576 3152 ctiam
596 3109 651 3170 per
664 3091 909 3172 impedimentum
927 3089 1070 3152 dirimens
1087 3105 1198 3169 super-

51 3199 193 3273 veniens,
218 3193 255 3254 de
278 3213 339 3275 quo
363 3193 528 3274 dispensari
551 3193 637 3271 solat,
662 3195 812 3272 sponsalia
836 3194 1048 3271 dissolvantur,
1071 3211 1099 3256 v.
1117 3211 1147 3275 g.
1171 3194 1198 3254 st

53 3315 185 3379 sponsus
208 3315 276 3358 cnm
301 3313 408 3358 sorore
431 3313 559 3376 sponsae
581 3297 716 3377 copulam
739 3296 865 3359 habuit?

142 3408 177 3482 ip.
202 3399 298 3462 Etiam
324 3405 354 3462 in
376 3399 433 3461 hoc
449 3417 519 3462 casu
542 3400 691 3481 sponsalia
716 3417 752 3461 co
775 3404 841 3481 ipso
859 3399 1003 3462 dissoluta
1026 3405 1105 3476 sunt,
1129 3401 1197 3477 quia

50 3505 97 3584 jus
115 3503 231 3566 nullam
250 3507 353 3566 statuit
369 3507 592 3583 exceptionem3
616 3503 668 3566 scd
688 3503 751 3565 irari
770 3509 879 3583 potest,
900 3509 933 3565 ut
945 3519 1013 3584 pars
1032 3499 1195 3581 culpabilis,

79 3697 101 3762 ¹)
122 3694 186 3763 Cap.
208 3693 392 3757 Quemadmod.
410 3696 424 3746 i.
445 3711 467 3746 e.

78 3783 100 3848 ²)
122 3781 187 3848 Gap.
207 3780 392 3844 Quemadmod.
411 3782 427 3833 l.
446 3797 467 3833 c.

78 3868 102 3934 3)
123 3867 182 3920 Cas.
201 3867 285 3918 xcvi.

81 3953 105 4020 ⁴)
125 3953 220 4022 Knopp
238 3953 310 4015 dicit,
335 3955 443 4022 priorem
463 3955 612 4006 sententiam
631 3971 714 4026 neque
732 3956 758 4006 in
777 3969 804 4006 re
822 3956 891 4023 ipsa,
915 3954 1041 4026 usquein
1062 3951 1121 4021 jars
1139 3954 1199 4006 satis

126 4055 186 4093 esse
205 4039 344 4092 laudatam.
368 4057 393 4108 p.
412 4041 470 4093 377.
