2742 4660
368 177 405 234 De
423 179 608 249 impedimentis
626 146 779 238 matrimonii
797 188 822 238 in
840 204 944 257 genera.
1178 176 1220 244 37
1312 243 1319 252 ,

88 345 162 401 inter
177 339 344 403 haereticos
367 359 405 404 ex
418 347 544 424 utraque
567 348 650 422 parte
667 346 697 404 in
713 342 819 404 lisdem
839 343 912 406 locis
928 347 1021 424 tultis,
1045 351 1069 408 si
1088 348 1218 428 quidem,

87 447 108 504 si
125 443 288 505 Acatholici
311 462 371 506 non
394 449 497 505 essent
518 443 644 526 subjecti
666 443 737 506 huic
757 445 982 525 impedimento,
1006 453 1095 508 etiam
1115 456 1220 512 matri-

88 551 183 609 monia
208 550 297 608 misia
327 551 370 606 sio
398 551 547 608 contracta
571 547 667 609 valida
691 553 793 608 esseni
815 545 967 626 habenda,
1001 567 1129 629 namque
1159 569 1218 612 ex-

86 653 208 730 emptio,
243 668 299 729 qua
329 667 397 728 pars
426 647 598 710 Acatholira
629 649 795 730 frueretur,
829 652 913 712 alteri
939 655 1019 730 parti
1050 649 1219 716 Catholicae

85 757 353 813 communicaretur
376 758 498 831 propter
524 753 753 813 indivituitatcm
777 757 946 815 contractus
973 772 1012 814 ex
1036 755 1140 837 regula
1162 756 1219 818 ad-

86 858 172 914 missa
196 859 226 914 in
245 856 315 934 jure
330 853 409 914 civili
429 860 459 914 et
475 859 630 930 canonico,
654 862 685 916 ut
703 855 790 917 docet
807 855 956 918 Benedici.
972 855 1048 920 XlV.
1066 861 1097 918 in
1112 859 1217 938 synod.

86 958 222 1018 Dioeces.
247 957 296 1018 lib.
315 957 342 1020 6.
361 953 390 1019 6.
409 953 456 1020 12.
480 994 517 1002 --
542 957 622 1018 llaec
646 958 799 1018 conclusio
823 957 1015 1020 consumatur
1037 977 1091 1038 per
1113 959 1219 1022 decla-

83 1064 212 1121 rationes
234 1059 262 1120 S.
288 1059 318 1122 C.
343 1059 391 1134 C.‚
420 1078 492 1139 quas
523 1061 615 1122 relcrt
644 1059 794 1134 Bochhn.;
824 1060 1027 1144 congregatio
1058 1067 1138 1123 enim
1168 1061 1217 1124 dio

83 1162 131 1225 26.
156 1163 235 1242 Sept.
263 1159 550 1243 temptatorum:
592 1161 789 1237 ‚‚Hacreticos
817 1181 953 1244 quoque,
983 1165 1032 1231 nbi
1055 1164 1217 1227 Decretum

83 1272 127 1325 cst
159 1265 354 1344 publicatum,
386 1269 481 1326 teneri
513 1266 600 1326 talem
631 1265 756 1328 sormam
785 1267 963 1343 ohservare,
998 1273 1028 1327 et
1058 1274 1216 1348 propterea

81 1373 212 1447 ipsorum
236 1373 324 1430 etiam
349 1373 537 1430 matrimonia
559 1369 672 1448 absque
695 1367 788 1430 forma
803 1368 937 1444 concilii,
959 1375 1094 1450 quamvis
1117 1389 1216 1433 coram

83 1475 218 1532 ministro
241 1470 391 1534 haeretico
404 1471 452 1532 vel
476 1475 648 1554 magistratu
671 1472 726 1532 loci
744 1478 903 1547 contracta,
927 1471 1005 1534 nulla
1023 1478 1112 1552 atque
1134 1477 1217 1536 irrita

81 1576 183 1636 esse.“
228 1574 369 1635 Similiter
391 1574 544 1636 decretum
569 1581 614 1636 ost
641 1573 688 1636 19.
712 1573 777 1636 lan.
804 1572 900 1652 1605,
932 1578 1092 1636 etiterum
1120 1572 1216 1651 16763

81 1677 128 1738 die
146 1673 175 1738 4.
190 1677 317 1759 Augusti
335 1675 417 1740 1725
436 1678 541 1739 eadem
559 1681 756 1760 congregatio
778 1681 808 1740 in
830 1695 919 1740 cansa
935 1681 1053 1740 comitis
1071 1677 1109 1738 de
1124 1677 1216 1757 Lippe

80 1779 245 1857 acatholici,
271 1784 321 1860 qui
341 1785 560 1842 matrimonium
577 1799 660 1843 more
675 1786 888 1860 protestanttoo
906 1799 974 1842 oum
991 1781 1116 1844 muliere
1131 1781 1217 1860 eJus-

80 1883 147 1942 dem
171 1889 272 1944 sectae
294 1887 417 1961 inicrat,
441 1883 495 1947 hoc
520 1888 738 1946 matrimonium
762 1885 800 1946 ob
822 1882 1068 1964 impedimentum
1091 1883 1216 1946 clande-

78 1990 221 2047 stinitatis
236 1985 397 2048 invalidum
412 1988 506 2050 luisse
523 1987 685 2048 declaravit
700 2007 735 2050 ao
748 1987 935 2059 confirmavit
951 1986 1086 2066 eiusdem
1101 2003 1216 2048 secun-

78 2088 130 2149 das
161 2094 279 2168 nuptias
307 2107 374 2151 curn
397 2088 540 2154 catholica
565 2091 689 2152 muliere
718 2090 874 2153 observata
903 2088 997 2151 lortna
1020 2088 1109 2152 Cone.
1135 2087 1215 2150 Trid.

73 2195 179 2269 initas,
204 2197 340 2272 quamvis
366 2197 526 2272 superstite
547 2193 642 2254 adhuc
666 2197 764 2272 priora
787 2193 913 2254 muliere
935 2189 1145 2266 acatholica.¹)

102 2433 123 2496 ¹)
144 2431 278 2501 „lienique
297 2431 406 2492 accedit,
431 2433 465 2482 nit
483 2429 610 2494 Boelahn.‚
630 2431 795 2482 famosissima
814 2429 965 2493 declaratio,
984 2445 1049 2498 quae
1066 2428 1213 2480 nondudum

143 2521 169 2569 in
190 2533 265 2568 cansa
284 2520 380 2568 comitis
398 2517 429 2567 de
446 2516 524 2584 Lippa
542 2517 672 2568 acatholici
691 2519 733 2585 qui
751 2534 825 2568 suurn
845 2519 913 2584 prius
932 2532 1002 2568 more
1014 2515 1213 2566 Lutheranorum

142 2611 298 2654 contractum
323 2606 507 2655 matrimonium
526 2603 622 2654 nullum
641 2603 764 2656 declarari
789 2605 872 2672 petiit,
897 2611 996 2654 etcum
1022 2603 1070 2652 alia
1089 2602 1213 2654 catholica

143 2689 253 2757 quadam
273 2692 319 2740 ritu
338 2689 422 2740 debito
439 2689 588 2740 contrahere
603 2693 739 2751 constituit,
758 2690 819 2740 illud
834 2706 854 2741 s.
868 2687 992 2756 Congreg.
1012 2691 1161 2755 rescriptum
1180 2687 1214 2738 de

142 2778 167 2828 2.
180 2775 286 2843 August.
304 2775 369 2827 1725
383 2775 501 2826 obtinuit:
521 2774 604 2838 „Cum
624 2775 751 2826 nonnullis
770 2775 862 2826 abhinc
881 2777 954 2825 annis
968 2782 1121 2825 contractum
1141 2773 1215 2824 luerit

144 2861 170 2910 iu
189 2859 344 2921 Franconia,
370 2863 437 2912 etin
456 2862 528 2924 luco,
551 2863 576 2911 in
596 2877 646 2930 quo
667 2859 760 2912 Concil.
779 2859 844 2911 Trid.
863 2861 908 2911 luit
927 2869 1100 2926 acceptatum,
1124 2862 1213 2910 matri-

143 2949 253 2998 monium
274 2950 338 2998 intcr
356 2945 479 2998 Comitem
498 2945 538 2998 Fr.
558 2945 616 2998 Chr.
636 2946 667 2996 dc
686 2946 861 3014 Schaumburg
886 2955 910 2997 et
928 2945 1005 3013 lippe
1025 2953 1110 2995 sectae
1128 2944 1212 2995 lnthe-

145 3050 220 3083 ranae
239 3041 263 3082 et
281 3031 394 3098 ejusdem
413 3039 496 3082 sectas
514 3032 656 3094 mutierem,
675 3049 725 3082 non
740 3039 872 3100 praesente
891 3032 1001 3099 parocho
1017 3030 1150 3092 catholico,
1168 3029 1213 3080 aad

105 3154 111 3162 ,
138 3117 211 3183 juata
230 3121 302 3169 ritum
322 3127 347 3170 et
366 3121 450 3186 praxis
472 3117 674 3179 Protestantium,
692 3127 846 3185 acceptaque
864 3135 879 3168 a
898 3118 1002 3168 muliere
1021 3117 1081 3184 iuga
1101 3115 1131 3166 ad
1151 3131 1212 3180 par-

143 3211 182 3253 tes
201 3205 336 3274 Angelicas
354 3205 428 3255 licerit
440 3198 593 3270 praedictum
607 3205 791 3254 matrimonium
810 3203 906 3254 nullum
918 3202 1072 3254 declaratum
1093 3201 1124 3252 ab
1135 3199 1212 3267 Epis-

143 3307 208 3357 copo
227 3287 436 3341 l’aderborniensi
456 3299 480 3341 et
498 3289 685 3341 hlonastariensi
705 3304 814 3340 unacum
833 3288 888 3353 ejus
907 3289 1066 3358 suffraganeo
1084 3287 1212 3354 Episcopo
1269 3321 1270 3328 1

142 3375 286 3439 Tttabuae,
311 3383 335 3426 et
357 3375 431 3425 simnl
450 3372 540 3425 Comiti
565 3375 622 3426 data
645 3374 751 3425 facultas
774 3374 919 3426 transeundi
944 3373 975 3425 ad
994 3375 1042 3426 alia
1061 3381 1119 3425 vota
1140 3367 1217 3437 juata'

142 3461 325 3524 authenticum,
345 3461 410 3530 qnod
430 3461 579 3523 adnectitur,
597 3461 784 3522 documentum,
803 3459 869 3510 idern
883 3458 975 3511 Comes
994 3459 1131 3510 humillime
1148 3473 1211 3523 snp-

143 3549 220 3616 plicnt
238 3564 283 3615 pro
302 3547 383 3598 dictae
402 3550 542 3598 sententiae
560 3548 757 3598 confirmatione.
777 3545 824 3596 Die
841 3547 864 3596 t.
884 3546 991 3613 Augusti
1014 3546 1076 3596 1725
1092 3543 1116 3593 S.
1129 3540 1209 3611 (long.

143 3633 172 3686 C.
192 3637 290 3685 censuit
308 3633 418 3684 dandum
438 3649 493 3683 essa
512 3631 639 3683 decretum
659 3633 751 3683 editum
771 3633 813 3683 26.
831 3631 899 3699 Sept.
921 3631 985 3683 1602
1009 3639 1034 3681 et
1053 3645 1066 3680 a
1085 3645 1105 3680 s.
1123 3627 1210 3680 Ponti·

144 3721 190 3771 hce
208 3721 382 3771 confirmatum
395 3721 490 3769 tenoris
509 3721 644 3787 sequentis,
663 3717 739 3768 videl.
758 3716 918 3779 „haereticos
933 3733 1043 3786 qnoque,
1062 3714 1105 3766 ubi
1119 3714 1211 3765 decre-

144 3815 194 3857 tum
208 3803 312 3856 unta.
324 3814 360 3856 est
379 3805 547 3872 publicatum,
568 3806 646 3854 teneri
665 3803 739 3854 talem
755 3801 861 3854 lormam
876 3802 1011 3854 observare
1030 3809 1055 3852 et
1073 3808 1207 3868 propterea

144 3895 253 3960 ipsorum
282 3894 356 3942 etiarn
382 3893 538 3942 matrimonia
565 3889 659 3958 absque
687 3889 768 3940 iorrna
792 3885 911 3951 concilii,
939 3889 1054 3957 quamvis
1080 3893 1209 3936 contracta

142 3994 226 4033 eoram
245 3979 358 4031 ministro
376 3977 504 4032 haeretico
521 3975 563 4028 nel
582 3978 729 4047 magistratu
747 3974 805 4042 loni,
823 3973 892 4027 nulla
911 3981 986 4045 atque
1003 3975 1072 4026 irrita
1091 3987 1155 4026 essa.
1173 4000 1208 4012 -
