2746 4646
167 153 229 226 148
408 170 447 226 nr
463 171 647 242 impedimentis
666 171 852 226 matrimonium
870 167 1056 226 dirimentibus.

164 303 282 398 antinno
310 349 414 396 eorum
445 329 599 412 copulatae
629 335 700 394 sunt
712 327 746 406 ¹).
790 326 929 410 Synodus
959 331 991 390 in
1014 324 1115 390 Trullo
1138 325 1226 405 illos,
1260 329 1314 407 qui

166 455 234 502 oum
256 435 314 500 hoo
334 433 550 515 impedimento
574 436 797 496 matrimonium
820 429 1011 508 contrahunt,
1044 433 1148 510 poenis
1171 429 1315 492 fornica-

165 545 263 605 torum
285 539 421 622 subjicit,
444 537 599 602 declarans
628 535 717 598 simul
739 533 925 616 spiritualem
948 531 1123 596 affinitatem
1146 550 1315 614 corporum

82 655 93 665 “
165 661 233 708 esse
256 643 416 726 majorem
448 639 547 716 unde,
580 638 776 718 sequentibus
798 636 944 716 saeculis,
977 635 1035 700 hoo
1056 634 1314 716 impedimentum

165 746 305 825 paulatim
328 745 366 806 ad
387 749 482 808 instar
503 741 708 822 impedimenti
730 759 771 803 ex
792 743 973 824 cognatione
1000 739 1111 802 carnali
1135 739 1316 820 proceden-

136 851 204 912 ·tts
232 845 503 928 extendebatur2),
536 846 632 910 donee
655 843 789 922 tandem,
820 849 853 906 ut
882 842 1031 922 vidimus,
1062 861 1080 906 a
1110 841 1201 905 Cone.
1227 842 1314 908 Trid.

165 954 337 1016 restrictum
359 949 416 1014 irat
437 949 475 1014 ad
497 949 594 1014 dietos
616 948 736 1011 limites.

682 1125 710 1193 r.
735 1115 786 1182 39.

525 1289 559 1358 er
577 1286 802 1363 camaena
816 1285 944 1361 regua.

249 1429 271 1494 l.
292 1427 438 1514 Cognatio
452 1425 559 1511 legalis
571 1431 617 1489 est
631 1429 833 1508 propinquitas
844 1443 1048 1505 personarum,
1062 1444 1139 1508 quae
1156 1429 1257 1490 oritur
1274 1447 1313 1491 ex

166 1531 325 1614 adoptione
347 1530 436 1614 legali
444 1550 454 1606 ;
477 1527 595 1610 adoptio
612 1532 711 1589 autem
728 1535 774 1590 est
796 1529 1055 1612 romagninus,
1079 1549 1149 1611 quo,
1174 1535 1226 1612 qni
1253 1551 1313 1594 na-

165 1639 249 1696 turae
264 1633 343 1696 lilius
363 1639 494 1711 nonest,
518 1636 548 1692 in
563 1630 655 1692 filium
671 1634 840 1694 assumitur.
866 1629 946 1692 llaee
963 1637 1103 1716 cognatio
1113 1637 1209 1714 primo
1232 1653 1312 1697 con-

165 1741 267 1801 stituta
290 1741 336 1800 est
352 1737 450 1821 alege
463 1735 555 1814 civili,
578 1737 637 1796 ie.
657 1752 789 1812 romana,
813 1739 844 1795 et
860 1733 970 1796 deinde
990 1735 1027 1797 ab
1038 1732 1172 1799 Ecclesia
1196 1756 1312 1818 appro-

163 1837 271 1916 bala³>,
289 1839 380 1907 unde.
398 1844 424 1903 si
441 1857 528 1902 casus
545 1841 692 1914 occurrat,
709 1840 741 1897 in
752 1855 811 1917 quo
823 1837 984 1918 dubitetur,
1003 1844 1101 1902 utrum
1112 1840 1191 1902 adsit
1202 1843 1312 1922 impe-

164 1943 329 2006 dimentum
353 1945 541 2028 cognationis
563 1939 671 2024 legalis
695 1957 801 2018 necne,
825 1939 861 2002 ad
885 1940 985 2024 legem
1004 1943 1133 2018 civilem,
1157 1949 1177 2004 i.
1202 1963 1230 2008 e.
1257 1964 1311 2008 ro-

164 2064 292 2125 manam,
303 2045 517 2108 recurrendum
531 2049 576 2105 est
592 2049 622 2102 et
633 2059 673 2103 ex
684 2043 750 2124 ejus
763 2047 869 2105 tenore
881 2050 1085 2108 controversia
1098 2045 1310 2126 definienda).

163 2147 198 2211 ln
220 2147 290 2234 lege
311 2167 434 2213 romana
461 2147 574 2228 duplex
605 2149 651 2207 est
681 2144 801 2226 adoptio
838 2143 869 2222 l)
888 2145 1031 2228 perfecta
1054 2166 1109 2212 seu
1131 2155 1309 2231 arroqatr'o,

164 2269 218 2333 per
239 2270 328 2334 quarn
349 2251 438 2316 homo
467 2255 630 2312 extraneus
661 2252 707 2312 sni
726 2249 805 2331 juris
827 2249 883 2312 sub
906 2251 1015 2314 nullius
1039 2257 1133 2333 patria
1157 2260 1309 2336 potestate

164 2361 343 2420 constitutus
375 2351 540 2420 seeundum
573 2351 677 2436 leges,
711 2357 887 2416 auctoritate
918 2353 966 2416 vel
988 2361 1132 2436 rescripto
1163 2361 1311 2440 principis

164 2464 270 2523 transit
292 2463 322 2522 in
346 2463 523 2542 potestatem
546 2459 671 2537 patriam
694 2473 749 2518 sen
772 2454 914 2518 familiam
945 2457 1114 2538 adoptantis
1143 2459 1181 2522 ad
1214 2465 1310 2524 instar

163 2559 215 2625 lilii
238 2562 398 2640 naturalis,
422 2561 548 2644 ejusque
578 2557 685 2620 haeres
716 2561 905 2621 necessarius
928 2559 965 2620 ab
996 2565 1137 2626 intestato
1162 2563 1204 2626 ex'
1226 2583 1306 2644 asse,

163 2682 203 2728 ex
223 2671 403 2730 testamento
425 2669 525 2727 autem
547 2666 578 2724 ln
601 2665 704 2742 quarta
726 2660 873 2728 bonoram
896 2669 980 2744 parte
1003 2663 1140 2729 allicitur.

248 2767 283 2845 2)
314 2766 510 2849 imperfecto,
541 2783 596 2848 per
627 2783 715 2846 qnam
743 2761 834 2827 homo
871 2772 1031 2831 extraneus
1064 2768 1144 2831 lilius
1177 2767 1306 2835 familias

163 2875 338 2934 auctoritate
360 2870 512 2934 inferioris
535 2873 726 2953 magistratus
748 2867 916 2950 adoptatus,
951 2889 1010 2934 non
1032 2875 1139 2934 transit
1159 2875 1192 2934 in
1214 2881 1305 2955 pote-

163 2976 270 3035 statem
292 2973 459 3054 adoptantis
481 2989 579 3053 neque
602 2969 634 3032 iit
655 2969 763 3034 haeres
779 2977 968 3036 necessarius
984 2981 1226 3054 extestamento,
1250 2977 1303 3040 sed

163 3078 279 3138 tantum
302 3075 339 3171 ab
361 3081 511 3140 intestato.

165 3245 370 3280 -.--7.-...

188 3345 211 3415 ¹)
229 3344 302 3400 Uade
319 3345 446 3413 Lauaojar
469 3355 495 3400 et
517 3347 558 3400 alii
581 3346 704 3402 Gallicani
728 3349 836 3417 probare
861 3357 999 3416 conantur,
1025 3348 1073 3408 hoe
1091 3351 1321 3423 impedimentum.

229 3433 308 3488 inimo
330 3434 501 3488 introductum
523 3451 538 3487 a
556 3443 679 3503 potestate
697 3436 765 3488 civili
783 3435 829 3488 red
847 3453 993 3506 perperam
1010 3455 1068 3492 oum
1086 3443 1235 3506 verisimile
1251 3452 1299 3508 ert,

230 3518 280 3572 laoo
303 3519 510 3588 impedimentum
523 3521 578 3587 jam
605 3529 679 3574 autea
701 3521 852 3586 invaluisse,
876 3532 951 3593 atqm
969 3527 1151 3594 imperatorem
1173 3530 1234 3582 illud
1251 3530 1298 3582 hae

205 3653 209 3660 ,
229 3607 407 3659 eomuruione
424 3621 471 3675 pro
489 3606 544 3662 loro
561 3606 630 3658 eirili
648 3605 820 3662 confirmasse.
839 3639 875 3650 -
891 3610 1022 3668 Blaterim.
1041 3617 1065 3670 6.
1084 3617 1108 3669 2.
1126 3633 1152 3684 p.
1170 3616 1232 3670 iti.

180 3691 211 3757 a)
229 3688 338 3744 arama.
357 3690 432 3746 can.
449 3693 492 3746 ao.
510 3710 535 3762 q.
553 3693 577 3746 a.
595 3691 694 3744 nerra
714 3693 756 3746 ιν.
774 3697 814 3748 m.
834 3696 874 3752 11.
1213 3685 1215 3690 '
1356 3681 1357 3687 ‘

188 3776 212 3844 ¹)
229 3775 291 3834 can.
311 3778 335 3830 1.
353 3795 423 3832 aaut.
441 3780 482 3831 ³0.
500 3785 596 3848 quaeat.
615 3777 640 3830 3.
666 3779 705 3832 Ex
717 3796 783 3848 resp.
799 3780 895 3836 lileolai
914 3783 934 3838 1.
952 3785 1127 3856 adBulgarom
1145 3787 1296 3842 meminis.

227 3881 284 3933 erp.
300 3868 327 3916 rr·
342 3881 395 3936 qua
412 3865 480 3919 unio,
497 3861 528 3916 ll.
546 3862 578 3916 de
595 3881 670 3934 eppa.
688 3866 774 3936 legali.
793 3870 818 3924 4.
836 3869 879 3925 lib.
896 3871 922 3924 l.
941 3875 979 3926 tlt
999 3871 1038 3928 12.

185 3947 210 4017 ⁴)
227 3948 357 4004 Benedici.
374 3951 441 4004 xiv.
459 3948 492 4002 de
508 3949 597 4016 synod.
615 3950 724 4008 dioeoer.
742 3954 785 4008 lilr.
804 3956 828 4009 9.
846 3972 868 4017 o,
889 3958 933 4034 10..
947 3974 973 4012 a.
990 3959 1017 4020 5.
