2746 4646
174 231 235 302 122
429 252 466 304 Da
489 251 675 320 impedimentis
694 253 878 305 matrimonium
898 251 1079 338 dirimentibus.

172 427 300 471 uxorum
324 407 475 488 pluralitas
501 411 571 490 pura
603 407 728 471 naturali
754 408 897 488 prohibita
927 411 975 470 sit.
1021 408 1163 470 leucada
1196 407 1321 472 videtur

172 516 319 574 sententia
353 516 432 573 inter
460 519 617 593 utramque
653 517 764 591 partem
798 513 894 575 media
928 519 958 576 ct
990 511 1149 574 dicendum
1172 527 1316 572 uxorum

171 615 367 695 pluralitatem
391 631 560 697 repugnare
591 616 710 696 quidem
730 616 790 694 jari
819 617 967 694 naturali,
993 635 1050 678 ιιοιι
1073 617 1175 676 tamen
1199 617 1259 687 ita,
1294 620 1322 674 ιιι

172 736 236 780 euru
260 717 398 777 excludat
424 722 488 797 ipsa
518 723 695 780 matrimonii
719 723 823 779 natura
852 726 881 778 et
907 723 1054 793 essentia,
1089 717 1142 780 sed
1166 721 1320 777 institutio

173 821 306 902 ejusdem
329 821 449 899 inipso
473 822 574 883 muudi
606 822 730 884 exordio
755 822 831 883 lacta
855 839 871 882 a
897 823 970 898 oco,
995 839 1053 901 qua
1083 837 1174 882 unam
1201 825 1316 881 tantum

172 927 224 984 uni
247 921 448 1002 conjunxith.

257 1023 291 1087 ll.
316 1023 378 1086 Lex
406 1027 456 1088 illa
486 1027 592 1090 Christi
625 1027 823 1110 polygamiam
858 1028 1007 1110 abrogans
1043 1041 1100 1086 non
1135 1031 1250 1086 tantam
1282 1024 1320 1084 ad

171 1129 289 1205 fideles,
320 1129 373 1190 sod
404 1135 494 1191 etiam
517 1130 554 1192 ad
576 1129 711 1191 inlideles
740 1137 872 1210 spectat,
903 1147 970 1191 cam
994 1127 1147 1204 Christus,
1172 1131 1221 1188 cui
1248 1127 1318 1188 data

171 1239 219 1294 est
239 1237 337 1293 omnis
359 1237 493 1312 potestas
524 1238 555 1295 in
579 1233 664 1296 coelo
688 1238 718 1293 et
740 1237 771 1294 iu
796 1241 892 1312 terra,
926 1250 1014 1295 omne
1042 1232 1217 1312 conjugium
1251 1234 1318 1289 sive

169 1337 401 1398 Christianorum
425 1340 490 1397 sive
513 1337 638 1397 aliorum
661 1336 697 1398 ad
716 1342 838 1415 primam
871 1356 954 1398 suani
979 1339 1201 1396 institutionem
1221 1333 1321 1392 redu-

171 1435 304 1513 xemt²);
342 1439 410 1500 hinc
441 1439 647 1516 concluditur,
681 1441 760 1520 qaod
789 1439 940 1516 infideles,
974 1438 1188 1516 amplectentes
1227 1434 1318 1495 fidem

172 1541 358 1619 catholicam,
384 1546 499 1621 possint
519 1545 605 1602 istam
625 1547 748 1623 primam
774 1559 908 1619 uxorem,
941 1545 965 1602 si
990 1539 1160 1600 cohabitare
1184 1537 1322 1599 voluerit

175 1649 242 1708 sinc
265 1645 445 1706 contumelia
469 1649 622 1724 creatoris,
647 1652 786 1726 retinere,
811 1651 920 1708 ceteris
944 1643 1083 1704 dimissis.
1233 1630 1236 1636 ’

699 1829 726 1896 §.
750 1820 800 1885 34.

463 1951 518 2018 ιιι.
547 1953 586 2017 be
608 1954 791 2039 inpedimento
814 1953 917 2020 iirdinis
938 1951 1023 2019 Sacri.
1118 1943 1123 1950 ’

258 2091 279 2152 l.
302 2087 348 2152 Ex
370 2089 506 2152 conciliis
523 2093 744 2172 ¹antiquissimis
767 2097 797 2152 et
820 2089 1038 2152 dictisPatrum
1059 2094 1186 2166 constat,
1208 2085 1322 2164 Eccle-

174 2199 248 2257 siam
268 2195 328 2275 jam
360 2214 376 2255 a
404 2198 507 2272 primis
541 2193 669 2255 saeculis
698 2191 890 2254 interdixisse
914 2193 1050 2270 clericis,
1087 2195 1322 2274 praesentioris

173 2297 441 2380 sacrisrordinibus
465 2301 633 2359 constitutis
658 2301 785 2378 carpitus,
808 2314 846 2358 aa
872 2313 972 2356 rerum
999 2293 1207 2374 temporalium
1231 2293 1321 2354 solli-

174 2399 315 2478 citudine,
341 2399 507 2462 carnalibus
532 2397 689 2462 desideriis
714 2399 974 2480 voluptatibusque
998 2400 1163 2478 implicati,
1200 2416 1217 2458 a
1240 2397 1322 2458 divi-

174 2509 220 2566 nis
243 2503 350 2566 oihciis
373 2511 403 2564 et
426 2505 639 2566 ecclesiasticis
654 2507 827 2564 uriiiislcriis
850 2501 1050 2580 impediantur
1073 2507 1104 2562 et
1115 2499 1319 2582 retrahantur,

174 2612 257 2690 quasi
281 2607 317 2668 ad
347 2608 473 2668 clericos
504 2607 602 2668 verbis
630 2605 799 2684 apostolicis
829 2603 943 2669 diceret
965 2603 1112 2666 Ecclesia:
1136 2603 1239 2682 „Volo
1264 2625 1319 2668 vos

174 2715 272 2774 autem
297 2713 363 2772 sine
385 2709 587 2770 sollicitudine
611 2727 687 2769 esse.
734 2705 869 2780 Quisine
892 2727 987 2786 ‘uxore
1012 2713 1066 2784 est,
1093 2707 1239 2769 sollicitus
1264 2716 1320 2770 est,

174 2831 250 2894 quac
274 2815 391 2875 llouiini
415 2818 492 2889 sunt,
518 2809 667 2892 quomodo
691 2811 806 2891 placeat
829 2811 909 2885 Deo;
934 2815 983 2891 qui
1008 2816 1200 2872 autemeam
1224 2829 1321 2872 uxore

175 2921 231 2992 est,
256 2915 401 2976 sollicitus
424 2920 480 2990 est,
503 2933 580 2996 quae
602 2921 671 2977 suut
697 2911 812 2988 citandi,
838 2913 988 2994 quomodo
1013 2915 1128 2994 placeat
1151 2919 1257 2992 uxori,
1292 2920 1322 2975 et

176 3007 289 3078 divisus
312 3021 392 3079 cst.“
419 3013 524 3080 i.Cor.
549 3006 590 3080 is
611 3015 707 3078 Nemo
736 3017 864 3078 ruilitaas
887 3015 952 3080 Deo
976 3015 1107 3096 implicat
1129 3035 1163 3076 se
1188 3022 1321 3102 negotiis

143 3117 396 3198 ‘saecularibus
420 3119 449 3184 2.
475 3118 548 3183 Tim.
573 3119 602 3182 2.
624 3117 652 3182 4.
680 3119 759 3180 uude
783 3123 814 3181 in
838 3138 901 3198 cap.
926 3117 955 3182 3.
987 3119 1025 3182 dc
1061 3117 1178 3180 clericis
1213 3123 1323 3201 conju-

176 3227 254 3310 gatis
277 3227 308 3280 iu
333 3215 382 3284 lib.
408 3217 438 3284 4.
462 3223 580 3286 Deerat.
606 3228 783 3286 matrimonii
817 3223 934 3286 clericis
962 3223 1113 3306 interdicti
1136 3226 1213 3285 ratio
1243 3221 1318 3286 haec

173 3323 322 3410 redditur:
354 3323 462 3412 „Quod
485 3325 573 3387 simul
593 3327 795 3408 voluptatibus
827 3333 856 3390 ct
879 3304 1250 3406 carnalibus'desideriis,
1289 3346 1323 3388 ac

173 3429 281 3515 divinis
304 3436 334 3489 et
357 3429 568 3491 ecclesiasticis
591 3429 744 3512 obsequiis
766 3449 874 3494 vacare
897 3448 956 3492 uon
979 3425 1163 3503 valeani“³),

20 3639 24 3649 ’
90 3665 93 3670 .
200 3624 223 3693 ¹)
241 3621 401 3676 ltaSanchez.
420 3621 435 3671 l.
447 3623 469 3671 7.
480 3620 503 3670 ιι.
512 3621 553 3672 80.
562 3622 617 3672 mii.
636 3619 762 3688 baptisans
781 3623 797 3673 l.
817 3625 840 3674 5.
860 3631 890 3672 tr.
912 3621 951 3672 ta.
970 3638 994 3690 p.
1005 3622 1029 3672 3.
1049 3623 1102 3672 cd.
1122 3637 1146 3670 n.
1159 3624 1182 3671 7.
1202 3620 1326 3682 winsten,

244 3705 469 3776 Schmalzgrubcr‚
493 3705 566 3759 Dons.
588 3705 612 3757 S.
630 3705 715 3757 Thoan.
741 3705 892 3772 „Pluralitas
917 3724 1022 3758 uxorum
1048 3707 1139 3760 dicitur
1159 3723 1215 3758 esse
1235 3715 1326 3758 contra

243 3795 325 3864 legem
344 3801 458 3854 naturae,
478 3807 529 3841 uon
547 3800 668 3860 quantum
687 3791 720 3843 ad
739 3796 820 3861 prima
839 3803 971 3864 praecepta
992 3793 1065 3861 ejus,
1082 3792 1126 3844 aed
1146 3791 1274 3860 quantum
1293 3792 1326 3845 ad

245 3880 383 3932 recunda‘i.
403 3877 481 3946 Supp.
501 3895 524 3946 q.
545 3879 586 3930 65.
605 3895 627 3930 a.
646 3880 670 3935 2.
689 3896 711 3930 c.

203 3963 301 4033 ‘iiius
319 3963 345 4016 P.
364 3963 418 4016 vll.
438 3963 469 4015 ad
489 3963 607 4034 Archiop.
629 3965 738 4037 llogunt.
759 3965 833 4018 isos.

203 4051 226 4118 ³)
247 4049 300 4102 Van
318 4039 413 4118 Espen.
431 4049 465 4103 do
482 4051 589 4103 matrim.
