2742 4660
204 1043 689 1143 Summarium
723 1040 1055 1170 opusculi.

548 1289 703 1302 vawvvvv

493 1443 709 1516 inamatus
731 1442 760 1516 1.

109 1589 151 1650 De
171 1593 425 1671 matrimonio,
450 1591 613 1674 eJusque
635 1589 923 1672 impedimentis
945 1591 983 1648 in
1007 1605 1155 1674 genere.

409 1760 498 1827 sitiit
520 1760 544 1828 1.
567 1779 610 1830 De
628 1778 853 1843 inatrimonioz

266 1881 294 1948 1)
313 1879 456 1932 Secundum
475 1897 517 1946 ee,

265 1967 294 2032 2)
313 1975 438 2035 qnatenus
457 1977 496 2022 eat
513 1967 713 2020 Sacramentum.

217 2111 231 2136 ⁸
344 2101 406 2171 Gap.
424 2105 444 2157 i.
479 2104 522 2158 De.
536 2107 695 2158 matrimonio
713 2105 855 2158 seeundum
873 2121 910 2156 ea.

78 2205 96 2267 i.
128 2204 147 2256 1.
165 2203 282 2257 Definitio
301 2223 332 2258 ae
350 2207 439 2259 divisio
458 2209 617 2260 matrimonio

77 2291 96 2352 5.
125 2291 146 2340 2.
163 2291 280 2344 dissentia
298 2295 450 2344 matrimonii
479 2325 1027 2345 ........
1082 2301 1105 2342 ’.
1178 2292 1193 2342 3

76 2377 95 2439 i.
125 2375 145 2427 i.
161 2376 373 2430 Deinstitutione
391 2387 416 2430 et
433 2379 555 2449 dignitate
572 2380 725 2430 matrimonii
787 2413 1106 2430 .....
1177 2381 1192 2430 7

128 2493 131 2498 ¹
231 2513 295 2583 Gap.
314 2515 361 2586 li.¹
382 2516 419 2568 De
437 2519 612 2582 matrimonio,
629 2525 756 2587 qnatenus
774 2524 810 2570 eat
829 2516 1028 2570 Sacramentum.

74 2619 93 2680 i.
122 2619 143 2670 1.
160 2618 196 2669 De
214 2619 379 2672 Sacramenta
397 2623 553 2674 matrimonii
589 2657 875 2673 .....
916 2645 920 2652 ·
946 2655 953 2671 .
1023 2653 1030 2668 .
1100 2655 1108 2670 .
1179 2620 1194 2670 9

74 2706 92 2766 §.
123 2706 145 2756 5.
160 2703 202 2756 De.
216 2708 325 2758 materia
343 2715 369 2758 et
385 2707 466 2759 iorma
484 2707 639 2760 sacramenti
658 2707 810 2760 matrimonii
869 2741 881 2758 ..
947 2745 954 2759 .
1024 2744 1031 2759 .
1101 2743 1108 2757 .
1163 2706 1194 2758 ii
1237 2763 1248 2774 ,

73 2791 92 2852 i.
122 2791 142 2844 6.
161 2789 198 2842 De
217 2793 334 2846 miniano
353 2791 510 2846 sacramenti
528 2794 679 2846 matrimonii
713 2827 1108 2847 ......
1162 2791 1194 2842 17

73 2876 92 2938 i.
122 2881 143 2929 7.
161 2877 196 2930 De
214 2875 334 2940 subjecto
353 2877 678 2932 Sacramentimatrimonii
712 2915 720 2930 .
791 2915 798 2930 .
868 2915 875 2930 .
946 2915 953 2930 .
1007 2917 1031 2931 ..
1101 2913 1108 2929 .
1164 2877 1193 2928 19

72 2961 91 3024 §-
121 2963 143 3016 8.
160 2963 198 3014 De
216 2963 312 3030 tripiici
331 2961 401 3016 bono
420 2967 573 3018 matrimonii
638 2999 1109 3016 .......
1162 2963 1192 3015 21

177 3101 271 3167 sitiit
293 3099 331 3166 ll·
353 3117 394 3171 De
413 3117 657 3186 impedimentis
675 3121 880 3174 matrimonii
899 3119 929 3173 itt
948 3135 1078 3190 gonaro.

70 3237 89 3298 S.
119 3237 138 3288 9.
157 3237 194 3288 De
213 3237 365 3290 defiuitione
383 3239 620 3307 impedimentorum

71 3323 89 3384 S·
106 3321 142 3374 10.
159 3323 203 3375 De*
216 3324 345 3377 divisione
362 3341 392 3375 ee
410 3341 517 3377 numero
533 3326 770 3394 impedimentorum
867 3363 874 3378 .
946 3365 953 3380 .
1024 3362 1031 3378 .
1101 3362 1108 3376 .

69 3408 88 3469 §-
105 3407 140 3459 ii.
156 3407 194 3460 De
213 3408 332 3474 subjecto
350 3410 596 3478 impedimentorum·
635 3446 1109 3466 .......
1161 3408 1192 3460 31

69 3493 87 3556 i
104 3492 140 3544 12.
157 3493 195 3546 De
214 3494 301 3548 dubiis
320 3495 506 3564 impedimentis
558 3531 1109 3551 ........
1161 3493 1195 3546 38

479 3669 696 3739 innotatus
724 3667 771 3740 Π.

159 3792 213 3856 De
237 3789 540 3872 impedimentis
562 3789 864 3874 impedientibus
887 3796 923 3856 in
945 3796 1087 3876 speeie.
1154 3785 1157 3790 ’

66 3925 85 3988 i.
103 3925 139 3980 13.
157 3926 285 3980 Notionea
304 3929 425 3996 praeviae
482 3963 1108 3981 .........
1161 3925 1194 3979 43

66 4014 85 4076 S.
102 4014 138 4066 11.
189 4014 209 4067 i.
231 4015 272 4066 De
289 4012 462 4082 sponsalitium
481 4011 518 4066 De
537 4021 627 4067 natura
645 4013 802 4083 sponsalium
820 4015 845 4066 in
864 4029 958 4085 genere
1023 4046 1031 4065 .
1101 4049 1109 4065 .
1161 4013 1195 4064 14
