2746 4646
156 163 218 230 120
258 240 263 249 .
418 177 455 229 lle
473 177 658 246 impedimentis
676 175 864 231 matrimonium
882 173 1064 228 dimmentibur.
1368 145 1369 230 ι

153 338 259 402 similis
281 353 409 416 persona
430 335 463 396 ln
486 333 603 413 publica
625 337 801 398 auctoritaie
817 336 989 410 constituta,
1013 331 1102 394 iidem
1125 332 1219 396 lactat
1241 349 1294 411 per

154 435 342 520 scripturam.
376 438 408 512 h)
433 437 463 500 Si
475 435 623 518 parochus
638 441 773 513 testetur,
798 435 879 518 quod
901 439 964 516 ipsc
979 433 1109 496 eundem
1125 435 1293 515 sepelierit;

154 543 229 606 liher
252 541 323 622 ejus
340 539 549 602 detunctorum
572 544 661 604 etlam
674 540 791 620 plenam
814 539 904 602 iidem
927 537 1007 600 iacit.
1038 539 1069 611 c)
1092 535 1185 602 Side
1209 536 1294 598 ohitu

154 645 219 726 ejus
247 643 306 706 duo
338 647 432 706 testes
465 643 574 706 oculati
608 648 773 722 testentur,
806 659 840 706 se
873 640 1046 704 interfuisse
1077 641 1160 702 illlus
1192 645 1292 718 morti,

154 747 334 828 sepulturae,
366 748 504 826 exequiis
535 750 586 806 aut
608 744 720 808 vidisse
743 746 809 826 ejus
839 743 1040 825 sepulchrum.
1086 743 1295 806 Admittuntur

153 849 211 912 hoc
233 865 305 912 cusu
328 851 427 912 etiam
440 853 674 932 consanguinem
707 867 784 912 uxor
808 855 908 912 tamen
930 853 977 908 est
997 848 1186 910 insufficiens
1210 852 1295 910 testis

154 952 192 1015 ad
220 950 403 1032 probandam
434 955 559 1012 mortem
591 951 747 1034 conjugis,
780 954 850 1031 qula
879 953 911 1010 in
941 953 1059 1030 propria
1087 968 1180 1014 causa
1204 969 1296 1014 nemo

154 1055 282 1118 idoneus
305 1059 389 1118 testis
412 1070 481 1116 esse
504 1060 652 1117 censetur.
698 1054 732 1131 d)
755 1054 785 1118 Si
809 1075 878 1118 cum
900 1071 961 1114 uno
984 1058 1061 1114 terte
1082 1053 1121 1114 de
1142 1057 1224 1134 visu,
1249 1059 1298 1116 aut

154 1177 223 1219 cum
244 1155 331 1235 famu
344 1158 391 1218 oel
408 1145 553 1238 pluribus
576 1159 705 1220 testibus
727 1159 765 1220 de
785 1161 898 1222 auditu
907 1161 1088 1220 concurrant
1109 1157 1166 1220 alie
1190 1160 1299 1218 verisi-

156 1260 236 1323 milia
258 1259 369 1322 indicia
393 1259 442 1320 vel
464 1260 654 1340 conjecturae
677 1279 705 1322 v.
729 1281 760 1344 g.
785 1261 864 1342 quod
888 1263 1011 1324 mantus
1029 1260 1092 1340 J'am
1115 1277 1221 1338 senex,
1249 1267 1300 1322 aut

154 1381 245 1446 aeger
268 1362 369 1442 luerit,
393 1360 490 1443 quod,
516 1368 637 1426 secutus
660 1363 790 1443 bellurn,
815 1364 864 1428 uhi
889 1363 989 1445 plures
1016 1366 1142 1442 periisse
1165 1369 1296 1440 constat,

155 1465 206 1528 diu
228 1483 289 1529 non
313 1468 498 1545 apparuerim
527 1465 606 1546 quod
630 1471 722 1530 testes
744 1467 782 1530 de
810 1469 888 1530 lama
910 1469 1046 1530 asserant
1067 1465 1098 1526 id
1120 1464 1259 1528 auditum
1283 1485 1300 1528 a

155 1569 268 1650 majore
292 1575 376 1648 parte
400 1571 539 1632 civitatis
567 1569 660 1630 Hinc
682 1575 714 1645 a)
746 1571 928 1656 regulariter
957 1587 996 1630 ex
1027 1567 1092 1630 solo
1123 1571 1299 1631 testimonio

155 1676 244 1734 unius
275 1687 355 1734 mors
385 1672 523 1754 conjugis
554 1671 742 1736 sufficientur
774 1693 833 1738 non
863 1672 1019 1754 probatum
1051 1675 1162 1752 excipit
1195 1677 1299 1734 tamen

155 1773 288 1838 Sanchez
319 1792 436 1852 casum,
470 1792 529 1854 quo
559 1773 698 1858 conjugis
730 1775 829 1840 obitus
859 1774 1005 1838 accidisse
1034 1771 1142 1836 dicitur
1174 1777 1207 1836 in
1231 1773 1300 1837 loco

155 1876 242 1940 valde
265 1876 404 1956 distanti,
438 1882 471 1938 ut
493 1881 573 1938 certa
597 1879 662 1958 eJus
692 1879 827 1960 prohelio
851 1881 974 1942 omnino
1003 1883 1055 1940 aut
1082 1877 1170 1940 facile
1193 1876 1301 1940 hahcri

156 1983 302 2060 nequeat3
334 1985 405 2042 tunc
428 1982 508 2040 enim
531 1985 613 2060 putat
635 1980 776 2044 sulficere
805 1981 1024 2062 depositionem
1048 1981 1179 2062 J'uratam
1208 1985 1301 2044 unius

156 2081 225 2144 lidei
247 2081 389 2162 prohetae
412 2085 507 2158 testis,
531 2101 569 2144 ex
590 2087 736 2164 principio
759 2085 909 2168 generali,
932 2083 1023 2164 quod,
1046 2101 1114 2144 cum
1137 2084 1248 2163 plenae
1272 2088 1302 2144 et

156 2189 293 2267 integrae
315 2185 507 2264 probationes
525 2185 627 2249 haberi
652 2204 713 2250 non
730 2195 864 2268 possunt,
888 2187 1050 2266 sufiiciunt,
1073 2205 1150 2266 quae
1173 2204 1301 2248 sumun-

156 2293 203 2348 tur
226 2299 279 2348 ιιι
295 2287 484 2368 conjecturis.
531 2287 564 2366 b)
589 2289 628 2350 Ut
649 2295 749 2352 autem
771 2289 858 2368 famu
881 2309 948 2352 cum
978 2289 1166 2353 adminiculis
1189 2287 1302 2368 huJ‘us-

159 2390 239 2454 modi
268 2389 411 2469 sufficiat,
448 2397 538 2452 etiam
566 2395 632 2472 ipsa
661 2391 750 2454 dehet
781 2410 848 2456 esse
879 2392 966 2474 plene
997 2399 1028 2454 et
1056 2411 1128 2456 vere
1156 2389 1300 2471 prohata;

158 2492 228 2556 hinc
249 2497 412 2574 requiritur
438 2493 469 2569 l)
492 2498 525 2556 ut
553 2498 618 2574 ipsa
640 2495 718 2556 lania
741 2495 883 2574 probetur
912 2513 966 2576 per
995 2495 1070 2558 duos
1102 2498 1215 2572 testes,
1249 2497 1300 2574 qui

157 2595 306 2677 deponant
328 2615 363 2660 se
385 2596 537 2660 audivisse
559 2615 576 2658 a
599 2595 658 2658 fide
670 2597 779 2680 dignis,
804 2597 838 2674 2)
862 2603 893 2660 ut
916 2604 1074 2662 concurrat
1096 2613 1186 2660 causa
1202 2601 1301 2658 ratio-

157 2700 272 2778 nabilis,
299 2719 339 2761 ex
362 2718 420 2780 qua
443 2699 519 2760 lama
542 2705 606 2761 orla
629 2706 693 2775 est3
716 2697 755 2782 13)
780 2707 812 2762 ιιι
841 2707 934 2766 testes
957 2700 1120 2781 deponant,
1151 2718 1185 2764 se
1209 2699 1301 2762 audi-

157 2807 237 2865 visse
261 2803 378 2882 publice
402 2802 544 2882 amajore
567 2809 651 2882 parte
674 2801 773 2882 populi
785 2799 822 2882 ¹).

244 2903 414 2980 Quaeritur
437 2901 485 2979 7⁰)
517 2903 672 2975 Quomodo
694 2923 728 2968 se
739 2923 848 2988 gerere
872 2907 979 2970 debeat
991 2906 1148 2986 parochus,
1179 2906 1300 2987 quando

157 3007 281 3086 abipso
304 3012 430 3086 petitur,
461 3011 493 3068 ιιι
515 3011 634 3070 assistat
656 3008 796 3072 secundis
819 3009 957 3088 nuptiis?

244 3115 277 3189 lh.
321 3109 557 3194 Distinguendo:
589 3111 638 3173 vel
668 3114 748 3171 enirn
780 3110 905 3174 hahetur
933 3112 1082 3176 certitudo
1111 3113 1235 3176 moralis
1262 3113 1300 3174 de

157 3217 254 3273 morte
277 3212 432 3296 conjugis,
463 3211 513 3274 vel
536 3220 658 3276 econtra
689 3213 845 3294 parochus,
868 3221 919 3276 eut
952 3214 1130 3278 contrahere
1159 3215 1300 3278 volentes

156 3317 211 3414 ipsi
236 3313 430 3395 dubitantem
453 3316 529 3378 adsit
552 3313 704 3380 sulliciens
727 3317 897 3398 hujusmodi
921 3319 1080 3398 certitudo,
1104 3321 1135 3380 si
1146 3321 1298 3398 primum,

156 3406 268 3500 polest
283 3417 428 3498 parochus
452 3419 531 3480 nulla
561 3421 653 3498 petitu
681 3419 802 3482 licentia
832 3420 983 3484 Ordinarii
1014 3429 1044 3483 et
1073 3421 1186 3502 absque
1216 3421 1298 3484 illius

156 3524 305 3600 praescito
327 3526 515 3585 matrimonio
538 3540 616 3584 novo
640 3527 781 3584 assistere
804 3542 902 3606 coque
926 3543 1020 3588 novos
1043 3526 1192 3607 conJuges
1216 3525 1299 3585 licite

157 3623 314 3704 copulare3
345 3627 376 3686 si
396 3625 571 3702 secundum,
605 3624 752 3704 parochus
783 3625 970 3690 Ordinarium
1002 3628 1093 3690 debet
1123 3626 1297 3704 consulere,

156 3812 361 3826 ⁸-—---—-——

170 3928 207 3996 'fil
224 3927 265 3982 Sic
283 3929 405 3994 Sanchen,
424 3929 466 3983 lib.
484 3931 508 3982 2.
527 3929 551 3981 d.
570 3931 611 3983 to.
636 3949 661 3985 ιι.
682 3931 722 3986 16.
740 3915 880 4004 Schmalzg.
896 3942 921 3987 et
932 3933 983 3986 alii.
