<?xml version="1.0" encoding="UTF-8"?>
<!DOCTYPE html PUBLIC "-//W3C//DTD XHTML 1.0 Transitional//EN"
    "http://www.w3.org/TR/xhtml1/DTD/xhtml1-transitional.dtd">
<html xmlns="http://www.w3.org/1999/xhtml" xml:lang="en" lang="en">
 <head>
  <title>
</title>
<meta http-equiv="Content-Type" content="text/html;charset=utf-8" />
  <meta name='ocr-system' content='tesseract 3.04.00' />
  <meta name='ocr-capabilities' content='ocr_page ocr_carea ocr_par ocr_line ocrx_word'/>
</head>
<body>
  <div class='ocr_page' id='page_1' title='image "./dematrimoniotra00heisgoog_0303.png"; bbox 0 0 2764 4664; ppageno 0'>
   <div class='ocr_carea' id='block_1_1' title="bbox 184 231 964 316">
    <p class='ocr_par' dir='ltr' id='par_1_1' title="bbox 184 231 964 316">
     <span class='ocr_line' id='line_1_1' title="bbox 184 231 964 316; baseline 0.003 -16"><span class='ocrx_word' id='word_1_1' title='bbox 184 231 249 300; x_wconf 77' lang='grc'><strong>278</strong></span> <span class='ocrx_word' id='word_1_2' title='bbox 560 247 597 302; x_wconf 82' lang='lat' dir='ltr'><strong>lle</strong></span> <span class='ocrx_word' id='word_1_3' title='bbox 615 247 789 302; x_wconf 74' lang='lat' dir='ltr'><strong>celebratione</strong></span> <span class='ocrx_word' id='word_1_4' title='bbox 806 247 964 316; x_wconf 83' lang='lat' dir='ltr'><strong>Nuptiarum.</strong></span> 
     </span>
    </p>
   </div>
   <div class='ocr_carea' id='block_1_2' title="bbox 165 405 1371 2444">
    <p class='ocr_par' dir='ltr' id='par_1_2' title="bbox 272 405 1324 491">
     <span class='ocr_line' id='line_1_2' title="bbox 272 405 1324 491; baseline -0.004 -20"><span class='ocrx_word' id='word_1_5' title='bbox 272 410 396 490; x_wconf 90' lang='lat' dir='ltr'><strong>reliquis</strong></span> <span class='ocrx_word' id='word_1_6' title='bbox 418 405 620 480; x_wconf 79' lang='lat' dir='ltr'><strong>Orationibus,</strong></span> <span class='ocrx_word' id='word_1_7' title='bbox 646 423 722 486; x_wconf 85' lang='lat' dir='ltr'><strong>quae</strong></span> <span class='ocrx_word' id='word_1_8' title='bbox 744 411 775 491; x_wconf 91' lang='lat' dir='ltr'><strong>in</strong></span> <span class='ocrx_word' id='word_1_9' title='bbox 798 406 905 468; x_wconf 90' lang='lat' dir='ltr'><strong>eadem</strong></span> <span class='ocrx_word' id='word_1_10' title='bbox 919 405 1010 468; x_wconf 87' lang='lat' dir='ltr'><strong>Missa</strong></span> <span class='ocrx_word' id='word_1_11' title='bbox 1032 424 1086 487; x_wconf 92' lang='lat' dir='ltr'><strong>pro</strong></span> <span class='ocrx_word' id='word_1_12' title='bbox 1109 405 1324 471; x_wconf 86' lang='lat' dir='ltr'><strong>benedictione</strong></span> 
     </span>
    </p>

    <p class='ocr_par' dir='ltr' id='par_1_3' title="bbox 182 507 1371 694">
     <span class='ocr_line' id='line_1_3' title="bbox 273 507 660 594; baseline -0.016 -20"><span class='ocrx_word' id='word_1_13' title='bbox 273 516 442 594; x_wconf 82' lang='lat' dir='ltr'><strong>nuptiarum</strong></span> <span class='ocrx_word' id='word_1_14' title='bbox 465 509 621 574; x_wconf 88' lang='lat' dir='ltr'><strong>habentur.</strong></span> <span class='ocrx_word' id='word_1_15' title='bbox 633 507 660 586; x_wconf 86' lang='lat'><strong>¹)</strong></span> 
     </span>
     <span class='ocr_line' id='line_1_4' title="bbox 182 611 1371 694; baseline -0.005 -14"><span class='ocrx_word' id='word_1_16' title='bbox 182 645 183 648; x_wconf 40' lang='lat'>¹</span> <span class='ocrx_word' id='word_1_17' title='bbox 213 613 251 694; x_wconf 87' lang='grc'><strong>3)</strong></span> <span class='ocrx_word' id='word_1_18' title='bbox 273 615 364 678; x_wconf 84' lang='lat' dir='ltr'><strong>Missa</strong></span> <span class='ocrx_word' id='word_1_19' title='bbox 386 617 487 675; x_wconf 87' lang='lat' dir='ltr'><strong>votiva</strong></span> <span class='ocrx_word' id='word_1_20' title='bbox 510 629 564 692; x_wconf 92' lang='lat' dir='ltr'><strong>pro</strong></span> <span class='ocrx_word' id='word_1_21' title='bbox 587 616 704 694; x_wconf 84' lang='lat' dir='ltr'><strong>sponsis</strong></span> <span class='ocrx_word' id='word_1_22' title='bbox 728 611 785 674; x_wconf 90' lang='lat' dir='ltr'><strong>dici</strong></span> <span class='ocrx_word' id='word_1_23' title='bbox 811 631 871 674; x_wconf 92' lang='lat' dir='ltr'><strong>non</strong></span> <span class='ocrx_word' id='word_1_24' title='bbox 892 617 1006 692; x_wconf 90' lang='lat' dir='ltr'><strong>potest,</strong></span> <span class='ocrx_word' id='word_1_25' title='bbox 1039 611 1157 690; x_wconf 89' lang='lat' dir='ltr'><strong>quando</strong></span> <span class='ocrx_word' id='word_1_26' title='bbox 1181 629 1222 672; x_wconf 88' lang='lat' dir='ltr'><strong>ex</strong></span> <span class='ocrx_word' id='word_1_27' title='bbox 1246 632 1325 692; x_wconf 90' lang='lat' dir='ltr'><strong>qua·</strong></span> <span class='ocrx_word' id='word_1_28' title='bbox 1370 671 1371 682; x_wconf 57' lang='lat'><strong>,</strong></span> 
     </span>
    </p>

    <p class='ocr_par' dir='ltr' id='par_1_4' title="bbox 210 714 1371 798">
     <span class='ocr_line' id='line_1_5' title="bbox 210 714 1371 798; baseline -0.003 -18"><span class='ocrx_word' id='word_1_29' title='bbox 210 791 212 796; x_wconf 23' lang='lat'><strong>¹</strong></span> <span class='ocrx_word' id='word_1_30' title='bbox 271 735 390 798; x_wconf 87' lang='lat' dir='ltr'><strong>cunque</strong></span> <span class='ocrx_word' id='word_1_31' title='bbox 412 733 501 778; x_wconf 89' lang='lat' dir='ltr'><strong>causa</strong></span> <span class='ocrx_word' id='word_1_32' title='bbox 524 714 691 780; x_wconf 87' lang='lat' dir='ltr'><strong>benedictio</strong></span> <span class='ocrx_word' id='word_1_33' title='bbox 709 716 852 779; x_wconf 89' lang='lat' dir='ltr'><strong>solemnis</strong></span> <span class='ocrx_word' id='word_1_34' title='bbox 874 715 949 778; x_wconf 83' lang='lat' dir='ltr'><strong>inira</strong></span> <span class='ocrx_word' id='word_1_35' title='bbox 966 714 1086 776; x_wconf 86' lang='lat' dir='ltr'><strong>Missam</strong></span> <span class='ocrx_word' id='word_1_36' title='bbox 1110 719 1260 796; x_wconf 89' lang='lat' dir='ltr'><strong>omittitur</strong></span> <span class='ocrx_word' id='word_1_37' title='bbox 1275 715 1327 776; x_wconf 87' lang='lat' dir='ltr'><strong>vel</strong></span> <span class='ocrx_word' id='word_1_38' title='bbox 1370 789 1371 792; x_wconf 8' lang='grc' dir='ltr'><strong>Ἴ</strong></span> 
     </span>
    </p>

    <p class='ocr_par' dir='ltr' id='par_1_5' title="bbox 165 809 1371 900">
     <span class='ocr_line' id='line_1_6' title="bbox 165 809 1371 900; baseline -0.002 -18"><span class='ocrx_word' id='word_1_39' title='bbox 165 817 174 831; x_wconf 84' lang='lat'>&#39;</span> <span class='ocrx_word' id='word_1_40' title='bbox 271 818 435 882; x_wconf 88' lang='lat' dir='ltr'><strong>omittenda</strong></span> <span class='ocrx_word' id='word_1_41' title='bbox 457 822 519 891; x_wconf 91' lang='lat' dir='ltr'><strong>est;</strong></span> <span class='ocrx_word' id='word_1_42' title='bbox 548 819 705 900; x_wconf 83' lang='lat' dir='ltr'><strong>privilegia</strong></span> <span class='ocrx_word' id='word_1_43' title='bbox 729 823 807 880; x_wconf 93' lang='lat' dir='ltr'><strong>enim</strong></span> <span class='ocrx_word' id='word_1_44' title='bbox 838 817 907 879; x_wconf 88' lang='lat' dir='ltr'><strong>huie</strong></span> <span class='ocrx_word' id='word_1_45' title='bbox 928 817 1039 880; x_wconf 86' lang='lat' dir='ltr'><strong>Missae</strong></span> <span class='ocrx_word' id='word_1_46' title='bbox 1066 834 1231 880; x_wconf 84' lang='lat' dir='ltr'><strong>concessae</strong></span> <span class='ocrx_word' id='word_1_47' title='bbox 1255 824 1327 880; x_wconf 91' lang='lat' dir='ltr'><strong>sunt</strong></span> <span class='ocrx_word' id='word_1_48' title='bbox 1370 809 1371 812; x_wconf 49' lang='lat'>&#39;</span> 
     </span>
    </p>

    <p class='ocr_par' dir='ltr' id='par_1_6' title="bbox 214 917 1327 1002">
     <span class='ocr_line' id='line_1_7' title="bbox 214 917 1327 1002; baseline -0.002 -17"><span class='ocrx_word' id='word_1_49' title='bbox 214 962 216 966; x_wconf 91' lang='lat'><em>-</em></span> <span class='ocrx_word' id='word_1_50' title='bbox 272 926 396 1002; x_wconf 86' lang='lat' dir='ltr'><strong>propter</strong></span> <span class='ocrx_word' id='word_1_51' title='bbox 417 917 655 982; x_wconf 85' lang='lat' dir='ltr'><strong>benedictionem</strong></span> <span class='ocrx_word' id='word_1_52' title='bbox 678 919 754 983; x_wconf 83' lang='lat' dir='ltr'><strong>inira</strong></span> <span class='ocrx_word' id='word_1_53' title='bbox 779 937 844 982; x_wconf 88' lang='lat' dir='ltr'><strong>eam</strong></span> <span class='ocrx_word' id='word_1_54' title='bbox 868 919 1045 984; x_wconf 74' lang='lat' dir='ltr'><strong>beiendam.</strong></span> <span class='ocrx_word' id='word_1_55' title='bbox 1080 920 1155 982; x_wconf 88' lang='lat' dir='ltr'><strong>Hinc</strong></span> <span class='ocrx_word' id='word_1_56' title='bbox 1180 939 1244 984; x_wconf 94' lang='lat' dir='ltr'><strong>non</strong></span> <span class='ocrx_word' id='word_1_57' title='bbox 1266 939 1327 1002; x_wconf 89' lang='lat' dir='ltr'><strong>po-</strong></span> 
     </span>
    </p>

    <p class='ocr_par' dir='ltr' id='par_1_7' title="bbox 254 1019 1328 1102">
     <span class='ocr_line' id='line_1_8' title="bbox 254 1019 1328 1102; baseline -0.002 -16"><span class='ocrx_word' id='word_1_58' title='bbox 254 1030 331 1086; x_wconf 78' lang='lat' dir='ltr'><strong>rost</strong></span> <span class='ocrx_word' id='word_1_59' title='bbox 354 1024 431 1102; x_wconf 89' lang='lat' dir='ltr'><strong>dici,</strong></span> <span class='ocrx_word' id='word_1_60' title='bbox 455 1023 525 1086; x_wconf 93' lang='lat' dir='ltr'><strong>dum</strong></span> <span class='ocrx_word' id='word_1_61' title='bbox 550 1023 657 1090; x_wconf 90' lang='lat' dir='ltr'><strong>mulier</strong></span> <span class='ocrx_word' id='word_1_62' title='bbox 678 1029 724 1086; x_wconf 88' lang='lat' dir='ltr'><strong>est</strong></span> <span class='ocrx_word' id='word_1_63' title='bbox 749 1019 887 1101; x_wconf 82' lang='lat' dir='ltr'><strong>vidua,²)</strong></span> <span class='ocrx_word' id='word_1_64' title='bbox 910 1023 959 1083; x_wconf 88' lang='lat' dir='ltr'><strong>vel</strong></span> <span class='ocrx_word' id='word_1_65' title='bbox 982 1028 1007 1084; x_wconf 90' lang='lat' dir='ltr'><strong>si</strong></span> <span class='ocrx_word' id='word_1_66' title='bbox 1031 1024 1219 1086; x_wconf 69' lang='lat' dir='ltr'><strong>contrahitur</strong></span> <span class='ocrx_word' id='word_1_67' title='bbox 1243 1031 1328 1087; x_wconf 92' lang='lat' dir='ltr'><strong>tem-</strong></span> 
     </span>
    </p>

    <p class='ocr_par' dir='ltr' id='par_1_8' title="bbox 273 1123 1328 1210">
     <span class='ocr_line' id='line_1_9' title="bbox 273 1123 1328 1210; baseline -0.002 -19"><span class='ocrx_word' id='word_1_68' title='bbox 273 1145 348 1210; x_wconf 90' lang='lat' dir='ltr'><strong>pore</strong></span> <span class='ocrx_word' id='word_1_69' title='bbox 369 1123 524 1202; x_wconf 83' lang='lat' dir='ltr'><strong>clauso,³)</strong></span> <span class='ocrx_word' id='word_1_70' title='bbox 546 1128 596 1188; x_wconf 90' lang='lat' dir='ltr'><strong>vel</strong></span> <span class='ocrx_word' id='word_1_71' title='bbox 618 1131 643 1189; x_wconf 92' lang='lat' dir='ltr'><strong>si</strong></span> <span class='ocrx_word' id='word_1_72' title='bbox 667 1145 725 1189; x_wconf 91' lang='lat' dir='ltr'><strong>una</strong></span> <span class='ocrx_word' id='word_1_73' title='bbox 749 1145 817 1208; x_wconf 87' lang='lat' dir='ltr'><strong>pars</strong></span> <span class='ocrx_word' id='word_1_74' title='bbox 840 1131 878 1188; x_wconf 89' lang='lat' dir='ltr'><strong>sit</strong></span> <span class='ocrx_word' id='word_1_75' title='bbox 900 1123 1079 1202; x_wconf 89' lang='lat' dir='ltr'><strong>acatholica,</strong></span> <span class='ocrx_word' id='word_1_76' title='bbox 1104 1128 1152 1188; x_wconf 91' lang='lat' dir='ltr'><strong>vel</strong></span> <span class='ocrx_word' id='word_1_77' title='bbox 1175 1132 1201 1190; x_wconf 90' lang='lat' dir='ltr'><strong>si</strong></span> <span class='ocrx_word' id='word_1_78' title='bbox 1225 1127 1328 1190; x_wconf 87' lang='lat' dir='ltr'><strong>bene-</strong></span> 
     </span>
    </p>

    <p class='ocr_par' dir='ltr' id='par_1_9' title="bbox 274 1226 1328 1304">
     <span class='ocr_line' id='line_1_10' title="bbox 274 1226 1328 1304; baseline -0.002 -12"><span class='ocrx_word' id='word_1_79' title='bbox 274 1231 365 1292; x_wconf 86' lang='lat' dir='ltr'><strong>dictio</strong></span> <span class='ocrx_word' id='word_1_80' title='bbox 377 1230 520 1294; x_wconf 89' lang='lat' dir='ltr'><strong>solemnis</strong></span> <span class='ocrx_word' id='word_1_81' title='bbox 531 1236 601 1293; x_wconf 89' lang='lat' dir='ltr'><strong>ante</strong></span> <span class='ocrx_word' id='word_1_82' title='bbox 612 1230 732 1292; x_wconf 88' lang='lat' dir='ltr'><strong>Missam</strong></span> <span class='ocrx_word' id='word_1_83' title='bbox 746 1229 842 1304; x_wconf 90' lang='lat' dir='ltr'><strong>detur,</strong></span> <span class='ocrx_word' id='word_1_84' title='bbox 857 1233 942 1290; x_wconf 90' lang='lat' dir='ltr'><strong>etsie</strong></span> <span class='ocrx_word' id='word_1_85' title='bbox 958 1226 1076 1291; x_wconf 87' lang='lat' dir='ltr'><strong>aMissa</strong></span> <span class='ocrx_word' id='word_1_86' title='bbox 1089 1228 1328 1304; x_wconf 64' lang='lat' dir='ltr'><strong>abstrahatur34)</strong></span> 
     </span>
    </p>

    <p class='ocr_par' dir='ltr' id='par_1_10' title="bbox 273 1329 1328 1413">
     <span class='ocr_line' id='line_1_11' title="bbox 273 1329 1328 1413; baseline -0.001 -20"><span class='ocrx_word' id='word_1_87' title='bbox 273 1337 305 1394; x_wconf 93' lang='lat' dir='ltr'><strong>in</strong></span> <span class='ocrx_word' id='word_1_88' title='bbox 328 1337 443 1394; x_wconf 89' lang='lat' dir='ltr'><strong>cunetis</strong></span> <span class='ocrx_word' id='word_1_89' title='bbox 461 1333 507 1394; x_wconf 90' lang='lat' dir='ltr'><strong>bis</strong></span> <span class='ocrx_word' id='word_1_90' title='bbox 525 1331 653 1407; x_wconf 86' lang='lat' dir='ltr'><strong>casibus,</strong></span> <span class='ocrx_word' id='word_1_91' title='bbox 676 1336 701 1393; x_wconf 90' lang='lat' dir='ltr'><strong>si</strong></span> <span class='ocrx_word' id='word_1_92' title='bbox 723 1351 739 1392; x_wconf 92' lang='lat' dir='ltr'><strong>a</strong></span> <span class='ocrx_word' id='word_1_93' title='bbox 762 1337 881 1413; x_wconf 88' lang='lat' dir='ltr'><strong>sponsis</strong></span> <span class='ocrx_word' id='word_1_94' title='bbox 899 1330 949 1392; x_wconf 89' lang='lat' dir='ltr'><strong>vel</strong></span> <span class='ocrx_word' id='word_1_95' title='bbox 971 1329 1009 1390; x_wconf 91' lang='lat' dir='ltr'><strong>ab</strong></span> <span class='ocrx_word' id='word_1_96' title='bbox 1032 1349 1089 1392; x_wconf 89' lang='lat' dir='ltr'><strong>nna</strong></span> <span class='ocrx_word' id='word_1_97' title='bbox 1112 1337 1199 1412; x_wconf 89' lang='lat' dir='ltr'><strong>parte</strong></span> <span class='ocrx_word' id='word_1_98' title='bbox 1214 1331 1328 1394; x_wconf 84' lang='lat' dir='ltr'><strong>Missae</strong></span> 
     </span>
    </p>

    <p class='ocr_par' dir='ltr' id='par_1_11' title="bbox 274 1432 1328 1515">
     <span class='ocr_line' id='line_1_12' title="bbox 274 1432 1328 1515; baseline 0 -19"><span class='ocrx_word' id='word_1_99' title='bbox 274 1433 433 1515; x_wconf 87' lang='lat' dir='ltr'><strong>applicatio</strong></span> <span class='ocrx_word' id='word_1_100' title='bbox 456 1440 581 1514; x_wconf 87' lang='lat' dir='ltr'><strong>petatur,</strong></span> <span class='ocrx_word' id='word_1_101' title='bbox 606 1434 694 1496; x_wconf 89' lang='lat' dir='ltr'><strong>debet</strong></span> <span class='ocrx_word' id='word_1_102' title='bbox 717 1433 775 1494; x_wconf 92' lang='lat' dir='ltr'><strong>dici</strong></span> <span class='ocrx_word' id='word_1_103' title='bbox 797 1433 887 1496; x_wconf 84' lang='lat' dir='ltr'><strong>Missa</strong></span> <span class='ocrx_word' id='word_1_104' title='bbox 911 1434 948 1494; x_wconf 88' lang='lat' dir='ltr'><strong>de</strong></span> <span class='ocrx_word' id='word_1_105' title='bbox 971 1432 1030 1509; x_wconf 90' lang='lat' dir='ltr'><strong>die,</strong></span> <span class='ocrx_word' id='word_1_106' title='bbox 1056 1439 1117 1510; x_wconf 90' lang='lat' dir='ltr'><strong>aut,</strong></span> <span class='ocrx_word' id='word_1_107' title='bbox 1142 1438 1168 1496; x_wconf 91' lang='lat' dir='ltr'><strong>si</strong></span> <span class='ocrx_word' id='word_1_108' title='bbox 1191 1451 1248 1515; x_wconf 94' lang='lat' dir='ltr'><strong>per</strong></span> <span class='ocrx_word' id='word_1_109' title='bbox 1270 1453 1328 1496; x_wconf 88' lang='lat' dir='ltr'><strong>ru-</strong></span> 
     </span>
    </p>

    <p class='ocr_par' dir='ltr' id='par_1_12' title="bbox 274 1535 1325 1720">
     <span class='ocr_line' id='line_1_13' title="bbox 274 1535 1325 1617; baseline 0 -19"><span class='ocrx_word' id='word_1_110' title='bbox 274 1537 372 1599; x_wconf 87' lang='lat' dir='ltr'><strong>bricas</strong></span> <span class='ocrx_word' id='word_1_111' title='bbox 394 1535 480 1614; x_wconf 88' lang='lat' dir='ltr'><strong>licet,</strong></span> <span class='ocrx_word' id='word_1_112' title='bbox 512 1543 610 1615; x_wconf 90' lang='lat' dir='ltr'><strong>potest</strong></span> <span class='ocrx_word' id='word_1_113' title='bbox 632 1537 692 1598; x_wconf 88' lang='lat' dir='ltr'><strong>dici</strong></span> <span class='ocrx_word' id='word_1_114' title='bbox 714 1537 771 1599; x_wconf 90' lang='lat' dir='ltr'><strong>alia</strong></span> <span class='ocrx_word' id='word_1_115' title='bbox 794 1537 884 1598; x_wconf 80' lang='lat' dir='ltr'><strong>inissa</strong></span> <span class='ocrx_word' id='word_1_116' title='bbox 915 1555 969 1616; x_wconf 90' lang='lat' dir='ltr'><strong>pro</strong></span> <span class='ocrx_word' id='word_1_117' title='bbox 991 1535 1151 1600; x_wconf 90' lang='lat' dir='ltr'><strong>devotione</strong></span> <span class='ocrx_word' id='word_1_118' title='bbox 1181 1541 1325 1617; x_wconf 88' lang='lat' dir='ltr'><strong>petentis,</strong></span> 
     </span>
     <span class='ocr_line' id='line_1_14' title="bbox 277 1639 1020 1720; baseline -0.001 -18"><span class='ocrx_word' id='word_1_119' title='bbox 277 1639 389 1720; x_wconf 85' lang='lat' dir='ltr'><strong>ab&#39;sque</strong></span> <span class='ocrx_word' id='word_1_120' title='bbox 414 1645 513 1700; x_wconf 87' lang='lat' dir='ltr'><strong>tamen</strong></span> <span class='ocrx_word' id='word_1_121' title='bbox 536 1645 819 1704; x_wconf 84' lang='lat' dir='ltr'><strong>commemoratione</strong></span> <span class='ocrx_word' id='word_1_122' title='bbox 843 1643 1020 1720; x_wconf 88' lang='lat' dir='ltr'><strong>nuptiarum.</strong></span> 
     </span>
    </p>

    <p class='ocr_par' dir='ltr' id='par_1_13' title="bbox 188 1741 1328 2444">
     <span class='ocr_line' id='line_1_15' title="bbox 276 1741 1327 1824; baseline 0 -20"><span class='ocrx_word' id='word_1_123' title='bbox 276 1741 326 1806; x_wconf 92' lang='grc'><strong>111.</strong></span> <span class='ocrx_word' id='word_1_124' title='bbox 340 1742 432 1805; x_wconf 85' lang='lat' dir='ltr'><strong>ltlissa</strong></span> <span class='ocrx_word' id='word_1_125' title='bbox 455 1747 554 1804; x_wconf 91' lang='lat' dir='ltr'><strong>autem</strong></span> <span class='ocrx_word' id='word_1_126' title='bbox 578 1760 630 1822; x_wconf 91' lang='lat' dir='ltr'><strong>pro</strong></span> <span class='ocrx_word' id='word_1_127' title='bbox 653 1760 765 1823; x_wconf 93' lang='lat' dir='ltr'><strong>sponso</strong></span> <span class='ocrx_word' id='word_1_128' title='bbox 788 1750 819 1804; x_wconf 92' lang='lat' dir='ltr'><strong>et</strong></span> <span class='ocrx_word' id='word_1_129' title='bbox 837 1761 956 1824; x_wconf 83' lang='lat' dir='ltr'><strong>sponsa,</strong></span> <span class='ocrx_word' id='word_1_130' title='bbox 981 1748 1046 1806; x_wconf 89' lang='lat' dir='ltr'><strong>sive</strong></span> <span class='ocrx_word' id='word_1_131' title='bbox 1067 1743 1240 1806; x_wconf 89' lang='lat' dir='ltr'><strong>celebretur</strong></span> <span class='ocrx_word' id='word_1_132' title='bbox 1257 1763 1327 1804; x_wconf 91' lang='lat' dir='ltr'><strong>cum</strong></span> 
     </span>
     <span class='ocr_line' id='line_1_16' title="bbox 189 1844 1327 1928; baseline -0.002 -18"><span class='ocrx_word' id='word_1_133' title='bbox 189 1853 280 1910; x_wconf 90' lang='lat' dir='ltr'><strong>cantu</strong></span> <span class='ocrx_word' id='word_1_134' title='bbox 302 1851 333 1908; x_wconf 90' lang='lat' dir='ltr'><strong>et</strong></span> <span class='ocrx_word' id='word_1_135' title='bbox 355 1844 559 1920; x_wconf 86' lang='lat' dir='ltr'><strong>solemnitate,</strong></span> <span class='ocrx_word' id='word_1_136' title='bbox 584 1849 649 1906; x_wconf 91' lang='lat' dir='ltr'><strong>sive</strong></span> <span class='ocrx_word' id='word_1_137' title='bbox 671 1850 785 1928; x_wconf 88' lang='lat' dir='ltr'><strong>privata</strong></span> <span class='ocrx_word' id='word_1_138' title='bbox 809 1853 932 1924; x_wconf 89' lang='lat' dir='ltr'><strong>tantum,</strong></span> <span class='ocrx_word' id='word_1_139' title='bbox 957 1851 1047 1908; x_wconf 88' lang='lat' dir='ltr'><strong>ritum</strong></span> <span class='ocrx_word' id='word_1_140' title='bbox 1070 1864 1192 1926; x_wconf 90' lang='lat' dir='ltr'><strong>semper</strong></span> <span class='ocrx_word' id='word_1_141' title='bbox 1212 1851 1327 1908; x_wconf 91' lang='lat' dir='ltr'><strong>retinet</strong></span> 
     </span>
     <span class='ocr_line' id='line_1_17' title="bbox 188 1948 1328 2026; baseline -0.002 -12"><span class='ocrx_word' id='word_1_142' title='bbox 188 1949 442 2014; x_wconf 82' lang='lat' dir='ltr'><strong>Missaevotivae</strong></span> <span class='ocrx_word' id='word_1_143' title='bbox 466 1950 614 2026; x_wconf 87' lang='lat' dir='ltr'><strong>privatae,</strong></span> <span class='ocrx_word' id='word_1_144' title='bbox 644 1953 664 2010; x_wconf 91' lang='lat' dir='ltr'><strong>i.</strong></span> <span class='ocrx_word' id='word_1_145' title='bbox 688 1969 714 2012; x_wconf 91' lang='lat' dir='ltr'><strong>e.</strong></span> <span class='ocrx_word' id='word_1_146' title='bbox 739 1953 806 2012; x_wconf 80' lang='lat' dir='ltr'><strong>sine</strong></span> <span class='ocrx_word' id='word_1_147' title='bbox 829 1951 936 2012; x_wconf 80' lang='lat' dir='ltr'><strong>Gloria</strong></span> <span class='ocrx_word' id='word_1_148' title='bbox 958 1956 988 2010; x_wconf 84' lang='lat' dir='ltr'><strong>et</strong></span> <span class='ocrx_word' id='word_1_149' title='bbox 1010 1948 1109 2011; x_wconf 79' lang='lat' dir='ltr'><strong>Credo</strong></span> <span class='ocrx_word' id='word_1_150' title='bbox 1131 1968 1200 2011; x_wconf 92' lang='lat' dir='ltr'><strong>cum</strong></span> <span class='ocrx_word' id='word_1_151' title='bbox 1224 1951 1328 2012; x_wconf 81' lang='lat' dir='ltr'><strong>tribas</strong></span> 
     </span>
     <span class='ocr_line' id='line_1_18' title="bbox 190 2050 1325 2132; baseline 0.001 -18"><span class='ocrx_word' id='word_1_152' title='bbox 190 2050 383 2114; x_wconf 84' lang='lat' dir='ltr'><strong>Orationibus</strong></span> <span class='ocrx_word' id='word_1_153' title='bbox 404 2057 435 2110; x_wconf 89' lang='lat' dir='ltr'><strong>et</strong></span> <span class='ocrx_word' id='word_1_154' title='bbox 458 2050 594 2112; x_wconf 91' lang='lat' dir='ltr'><strong>omnibus</strong></span> <span class='ocrx_word' id='word_1_155' title='bbox 618 2052 967 2128; x_wconf 87' lang='lat' dir='ltr'><strong>commemorationibus,</strong></span> <span class='ocrx_word' id='word_1_156' title='bbox 997 2071 1075 2132; x_wconf 83' lang='lat' dir='ltr'><strong>quae</strong></span> <span class='ocrx_word' id='word_1_157' title='bbox 1096 2056 1128 2114; x_wconf 89' lang='lat' dir='ltr'><strong>in</strong></span> <span class='ocrx_word' id='word_1_158' title='bbox 1149 2051 1244 2114; x_wconf 85' lang='lat' dir='ltr'><strong>Missa</strong></span> <span class='ocrx_word' id='word_1_159' title='bbox 1268 2053 1325 2116; x_wconf 89' lang='lat' dir='ltr'><strong>diei</strong></span> 
     </span>
     <span class='ocr_line' id='line_1_19' title="bbox 189 2151 1325 2236; baseline -0.002 -18"><span class='ocrx_word' id='word_1_160' title='bbox 189 2154 291 2220; x_wconf 86' lang='lat' dir='ltr'><strong>forent</strong></span> <span class='ocrx_word' id='word_1_161' title='bbox 312 2151 480 2230; x_wconf 76' lang='lat' dir='ltr'><strong>iaciendas,</strong></span> <span class='ocrx_word' id='word_1_162' title='bbox 507 2157 613 2232; x_wconf 83' lang='lat' dir='ltr'><strong>primo</strong></span> <span class='ocrx_word' id='word_1_163' title='bbox 636 2154 777 2217; x_wconf 88' lang='lat' dir='ltr'><strong>videlicet</strong></span> <span class='ocrx_word' id='word_1_164' title='bbox 799 2154 909 2218; x_wconf 85' lang='lat' dir='ltr'><strong>Missae</strong></span> <span class='ocrx_word' id='word_1_165' title='bbox 937 2153 1023 2236; x_wconf 85' lang='lat' dir='ltr'><strong>hujus</strong></span> <span class='ocrx_word' id='word_1_166' title='bbox 1047 2159 1167 2218; x_wconf 88' lang='lat' dir='ltr'><strong>votivae</strong></span> <span class='ocrx_word' id='word_1_167' title='bbox 1195 2160 1325 2236; x_wconf 88' lang='lat' dir='ltr'><strong>propria,</strong></span> 
     </span>
     <span class='ocr_line' id='line_1_20' title="bbox 189 2253 1325 2340; baseline 0.001 -20"><span class='ocrx_word' id='word_1_168' title='bbox 189 2257 326 2320; x_wconf 78' lang='lat' dir='ltr'><strong>secundo</strong></span> <span class='ocrx_word' id='word_1_169' title='bbox 349 2253 439 2318; x_wconf 85' lang='lat' dir='ltr'><strong>officii</strong></span> <span class='ocrx_word' id='word_1_170' title='bbox 464 2255 542 2332; x_wconf 88' lang='lat' dir='ltr'><strong>diei,</strong></span> <span class='ocrx_word' id='word_1_171' title='bbox 571 2261 601 2316; x_wconf 88' lang='lat' dir='ltr'><strong>et</strong></span> <span class='ocrx_word' id='word_1_172' title='bbox 630 2261 738 2334; x_wconf 82' lang='lat' dir='ltr'><strong>tertio,</strong></span> <span class='ocrx_word' id='word_1_173' title='bbox 773 2261 797 2318; x_wconf 90' lang='lat' dir='ltr'><strong>si</strong></span> <span class='ocrx_word' id='word_1_174' title='bbox 821 2257 877 2319; x_wconf 87' lang='lat' dir='ltr'><strong>alia</strong></span> <span class='ocrx_word' id='word_1_175' title='bbox 907 2264 1154 2321; x_wconf 91' lang='lat' dir='ltr'><strong>commemoratio</strong></span> <span class='ocrx_word' id='word_1_176' title='bbox 1184 2261 1325 2340; x_wconf 90' lang='lat' dir='ltr'><strong>specialis</strong></span> 
     </span>
     <span class='ocr_line' id='line_1_21' title="bbox 190 2360 1325 2444; baseline 0 -20"><span class='ocrx_word' id='word_1_177' title='bbox 190 2378 251 2424; x_wconf 91' lang='lat' dir='ltr'><strong>non</strong></span> <span class='ocrx_word' id='word_1_178' title='bbox 273 2365 411 2437; x_wconf 88' lang='lat' dir='ltr'><strong>occurat,</strong></span> <span class='ocrx_word' id='word_1_179' title='bbox 441 2378 519 2440; x_wconf 90' lang='lat' dir='ltr'><strong>quaa</strong></span> <span class='ocrx_word' id='word_1_180' title='bbox 541 2361 623 2422; x_wconf 82' lang='lat' dir='ltr'><strong>aiios</strong></span> <span class='ocrx_word' id='word_1_181' title='bbox 645 2365 676 2421; x_wconf 86' lang='lat' dir='ltr'><strong>in</strong></span> <span class='ocrx_word' id='word_1_182' title='bbox 699 2360 789 2422; x_wconf 85' lang='lat' dir='ltr'><strong>Missa</strong></span> <span class='ocrx_word' id='word_1_183' title='bbox 819 2360 1021 2440; x_wconf 90' lang='lat' dir='ltr'><strong>semiduplicis</strong></span> <span class='ocrx_word' id='word_1_184' title='bbox 1051 2361 1157 2424; x_wconf 87' lang='lat' dir='ltr'><strong>eodem</strong></span> <span class='ocrx_word' id='word_1_185' title='bbox 1190 2368 1325 2444; x_wconf 88' lang='lat' dir='ltr'><strong>tempore</strong></span> 
     </span>
    </p>
   </div>
   <div class='ocr_carea' id='block_1_3' title="bbox 87 2461 1325 2541">
    <p class='ocr_par' dir='ltr' id='par_1_14' title="bbox 87 2461 1325 2541">
     <span class='ocr_line' id='line_1_22' title="bbox 87 2461 1325 2541; baseline 0 -15"><span class='ocrx_word' id='word_1_186' title='bbox 87 2479 89 2485; x_wconf 86' lang='lat'>·</span> <span class='ocrx_word' id='word_1_187' title='bbox 188 2461 324 2528; x_wconf 88' lang='lat' dir='ltr'><strong>secundo</strong></span> <span class='ocrx_word' id='word_1_188' title='bbox 353 2461 421 2523; x_wconf 91' lang='lat' dir='ltr'><strong>loco</strong></span> <span class='ocrx_word' id='word_1_189' title='bbox 449 2462 616 2541; x_wconf 85' lang='lat' dir='ltr'><strong>diceretur,</strong></span> <span class='ocrx_word' id='word_1_190' title='bbox 650 2482 719 2526; x_wconf 89' lang='lat' dir='ltr'><strong>cum</strong></span> <span class='ocrx_word' id='word_1_191' title='bbox 740 2462 965 2528; x_wconf 82' lang='lat' dir='ltr'><strong>Benediccmas</strong></span> <span class='ocrx_word' id='word_1_192' title='bbox 984 2463 1116 2528; x_wconf 84' lang='lat' dir='ltr'><strong>Domino</strong></span> <span class='ocrx_word' id='word_1_193' title='bbox 1145 2470 1177 2526; x_wconf 91' lang='lat' dir='ltr'><strong>in</strong></span> <span class='ocrx_word' id='word_1_194' title='bbox 1206 2465 1271 2526; x_wconf 84' lang='lat' dir='ltr'><strong>liae</strong></span> <span class='ocrx_word' id='word_1_195' title='bbox 1299 2473 1325 2527; x_wconf 94' lang='lat' dir='ltr'><strong>et</strong></span> 
     </span>
    </p>
   </div>
   <div class='ocr_carea' id='block_1_4' title="bbox 188 2563 1324 2748">
    <p class='ocr_par' dir='ltr' id='par_1_15' title="bbox 188 2563 1324 2748">
     <span class='ocr_line' id='line_1_23' title="bbox 188 2563 1324 2646; baseline 0.002 -20"><span class='ocrx_word' id='word_1_196' title='bbox 188 2566 295 2628; x_wconf 83' lang='lat' dir='ltr'><strong>ultimo</strong></span> <span class='ocrx_word' id='word_1_197' title='bbox 317 2563 487 2644; x_wconf 72' lang='lat' dir='ltr'><strong>Eooopelio</strong></span> <span class='ocrx_word' id='word_1_198' title='bbox 509 2565 541 2626; x_wconf 86' lang='lat' dir='ltr'><strong>S.</strong></span> <span class='ocrx_word' id='word_1_199' title='bbox 566 2565 708 2628; x_wconf 75' lang='lat' dir='ltr'><strong>ioannis.</strong></span> <span class='ocrx_word' id='word_1_200' title='bbox 754 2565 846 2646; x_wconf 82' lang='lat' dir='ltr'><strong>quue</strong></span> <span class='ocrx_word' id='word_1_201' title='bbox 869 2565 933 2628; x_wconf 88' lang='lat' dir='ltr'><strong>lieri</strong></span> <span class='ocrx_word' id='word_1_202' title='bbox 962 2566 1066 2644; x_wconf 83' lang='lat' dir='ltr'><strong>debet,</strong></span> <span class='ocrx_word' id='word_1_203' title='bbox 1097 2570 1163 2628; x_wconf 89' lang='lat' dir='ltr'><strong>sive</strong></span> <span class='ocrx_word' id='word_1_204' title='bbox 1183 2566 1324 2630; x_wconf 49' lang='lat' dir='ltr'><strong>‘officium</strong></span> 
     </span>
     <span class='ocr_line' id='line_1_24' title="bbox 188 2665 867 2748; baseline 0 -18"><span class='ocrx_word' id='word_1_205' title='bbox 188 2667 250 2730; x_wconf 89' lang='lat' dir='ltr'><strong>diei</strong></span> <span class='ocrx_word' id='word_1_206' title='bbox 271 2672 310 2730; x_wconf 90' lang='lat' dir='ltr'><strong>sit</strong></span> <span class='ocrx_word' id='word_1_207' title='bbox 332 2667 458 2748; x_wconf 86' lang='lat' dir='ltr'><strong>duplex,</strong></span> <span class='ocrx_word' id='word_1_208' title='bbox 482 2671 547 2730; x_wconf 90' lang='lat' dir='ltr'><strong>sive</strong></span> <span class='ocrx_word' id='word_1_209' title='bbox 569 2673 644 2730; x_wconf 88' lang='lat' dir='ltr'><strong>ritus</strong></span> <span class='ocrx_word' id='word_1_210' title='bbox 667 2667 828 2732; x_wconf 81' lang='lat' dir='ltr'><strong>inferioris.</strong></span> <span class='ocrx_word' id='word_1_211' title='bbox 839 2665 867 2744; x_wconf 75' lang='lat'><strong>⁵)</strong></span> 
     </span>
    </p>
   </div>
   <div class='ocr_carea' id='block_1_5' title="bbox 218 2839 1325 3046">
    <p class='ocr_par' dir='ltr' id='par_1_16' title="bbox 218 2839 1325 3046">
     <span class='ocr_line' id='line_1_25' title="bbox 218 2839 1324 2958; baseline -0.001 -17"><span class='ocrx_word' id='word_1_212' title='bbox 218 2888 241 2956; x_wconf 93' lang='lat'><strong>¹)</strong></span> <span class='ocrx_word' id='word_1_213' title='bbox 258 2889 296 2941; x_wconf 80' lang='lat' dir='ltr'><strong>Ex</strong></span> <span class='ocrx_word' id='word_1_214' title='bbox 320 2888 409 2940; x_wconf 86' lang='lat' dir='ltr'><strong>eodem</strong></span> <span class='ocrx_word' id='word_1_215' title='bbox 432 2885 670 2942; x_wconf 68' lang='lat' dir='ltr'><strong>donatistae.</strong></span> <span class='ocrx_word' id='word_1_216' title='bbox 690 2891 764 2942; x_wconf 81' lang='grc'><strong>1783.</strong></span> <span class='ocrx_word' id='word_1_217' title='bbox 795 2890 824 2942; x_wconf 93' lang='lat' dir='ltr'><strong>ln</strong></span> <span class='ocrx_word' id='word_1_218' title='bbox 843 2839 1024 2944; x_wconf 45' lang='lat' dir='ltr'><strong>blissa&#39;tnmeu</strong></span> <span class='ocrx_word' id='word_1_219' title='bbox 1048 2907 1093 2958; x_wconf 89' lang='lat' dir='ltr'><strong>pro</strong></span> <span class='ocrx_word' id='word_1_220' title='bbox 1116 2891 1245 2942; x_wconf 76' lang='lat' dir='ltr'><strong>defunctis</strong></span> <span class='ocrx_word' id='word_1_221' title='bbox 1264 2891 1324 2955; x_wconf 81' lang='lat' dir='ltr'><strong>(ne-</strong></span> 
     </span>
     <span class='ocr_line' id='line_1_26' title="bbox 258 2975 1325 3046; baseline 0.003 -22"><span class='ocrx_word' id='word_1_222' title='bbox 258 2975 370 3044; x_wconf 86' lang='lat' dir='ltr'><strong>quiem),</strong></span> <span class='ocrx_word' id='word_1_223' title='bbox 394 2983 421 3025; x_wconf 88' lang='lat' dir='ltr'><strong>ut</strong></span> <span class='ocrx_word' id='word_1_224' title='bbox 439 2992 484 3042; x_wconf 87' lang='lat' dir='ltr'><strong>per</strong></span> <span class='ocrx_word' id='word_1_225' title='bbox 501 2993 528 3026; x_wconf 89' lang='lat' dir='ltr'><strong>se</strong></span> <span class='ocrx_word' id='word_1_226' title='bbox 547 2983 626 3044; x_wconf 88' lang='lat' dir='ltr'><strong>patet,</strong></span> <span class='ocrx_word' id='word_1_227' title='bbox 643 2992 691 3028; x_wconf 88' lang='lat' dir='ltr'><strong>uec</strong></span> <span class='ocrx_word' id='word_1_228' title='bbox 708 2993 816 3046; x_wconf 88' lang='lat' dir='ltr'><strong>sponsos</strong></span> <span class='ocrx_word' id='word_1_229' title='bbox 834 2977 1000 3040; x_wconf 82' lang='lat' dir='ltr'><strong>benedicere,</strong></span> <span class='ocrx_word' id='word_1_230' title='bbox 1023 2993 1070 3028; x_wconf 85' lang='lat' dir='ltr'><strong>uec</strong></span> <span class='ocrx_word' id='word_1_231' title='bbox 1094 2979 1194 3044; x_wconf 82' lang='lat' dir='ltr'><strong>nuptias</strong></span> <span class='ocrx_word' id='word_1_232' title='bbox 1213 2993 1325 3028; x_wconf 89' lang='lat' dir='ltr'><strong>comme-</strong></span> 
     </span>
    </p>
   </div>
   <div class='ocr_carea' id='block_1_6' title="bbox 240 3061 1325 3476">
    <p class='ocr_par' dir='ltr' id='par_1_17' title="bbox 240 3061 1325 3476">
     <span class='ocr_line' id='line_1_27' title="bbox 258 3061 1325 3130; baseline 0 -18"><span class='ocrx_word' id='word_1_233' title='bbox 258 3076 357 3112; x_wconf 87' lang='lat' dir='ltr'><strong>morare</strong></span> <span class='ocrx_word' id='word_1_234' title='bbox 376 3061 440 3122; x_wconf 83' lang='lat' dir='ltr'><strong>licet,</strong></span> <span class='ocrx_word' id='word_1_235' title='bbox 461 3062 505 3114; x_wconf 89' lang='lat' dir='ltr'><strong>sed</strong></span> <span class='ocrx_word' id='word_1_236' title='bbox 523 3064 606 3130; x_wconf 89' lang='lat' dir='ltr'><strong>potius</strong></span> <span class='ocrx_word' id='word_1_237' title='bbox 625 3063 799 3116; x_wconf 81' lang='lat' dir='ltr'><strong>transferenda</strong></span> <span class='ocrx_word' id='word_1_238' title='bbox 818 3073 855 3114; x_wconf 87' lang='lat' dir='ltr'><strong>est</strong></span> <span class='ocrx_word' id='word_1_239' title='bbox 871 3062 1012 3118; x_wconf 87' lang='lat' dir='ltr'><strong>benedictio</strong></span> <span class='ocrx_word' id='word_1_240' title='bbox 1030 3065 1056 3115; x_wconf 89' lang='lat' dir='ltr'><strong>in</strong></span> <span class='ocrx_word' id='word_1_241' title='bbox 1071 3062 1145 3114; x_wconf 86' lang='lat' dir='ltr'><strong>aliam</strong></span> <span class='ocrx_word' id='word_1_242' title='bbox 1163 3062 1241 3116; x_wconf 88' lang='lat' dir='ltr'><strong>diem.</strong></span> <span class='ocrx_word' id='word_1_243' title='bbox 1260 3063 1285 3116; x_wconf 86' lang='lat' dir='ltr'><strong>S.</strong></span> <span class='ocrx_word' id='word_1_244' title='bbox 1300 3061 1325 3112; x_wconf 80' lang='lat'><strong>0.</strong></span> 
     </span>
     <span class='ocr_line' id='line_1_28' title="bbox 258 3146 1324 3215; baseline 0.002 -17"><span class='ocrx_word' id='word_1_245' title='bbox 258 3147 353 3215; x_wconf 90' lang='lat' dir='ltr'><strong>lnquis.</strong></span> <span class='ocrx_word' id='word_1_246' title='bbox 379 3146 401 3198; x_wconf 92' lang='grc'><strong>1.</strong></span> <span class='ocrx_word' id='word_1_247' title='bbox 419 3146 486 3214; x_wconf 86' lang='lat' dir='ltr'><strong>Sept.</strong></span> <span class='ocrx_word' id='word_1_248' title='bbox 507 3147 580 3202; x_wconf 81' lang='grc'><strong>1811.</strong></span> <span class='ocrx_word' id='word_1_249' title='bbox 613 3149 642 3200; x_wconf 94' lang='lat' dir='ltr'><strong>ln</strong></span> <span class='ocrx_word' id='word_1_250' title='bbox 667 3148 707 3200; x_wconf 87' lang='lat' dir='ltr'><strong>die</strong></span> <span class='ocrx_word' id='word_1_251' title='bbox 726 3165 786 3200; x_wconf 89' lang='lat' dir='ltr'><strong>vero</strong></span> <span class='ocrx_word' id='word_1_252' title='bbox 809 3152 1051 3201; x_wconf 86' lang='lat' dir='ltr'><strong>commemorationis</strong></span> <span class='ocrx_word' id='word_1_253' title='bbox 1077 3151 1189 3200; x_wconf 91' lang='lat' dir='ltr'><strong>omnium</strong></span> <span class='ocrx_word' id='word_1_254' title='bbox 1215 3149 1324 3200; x_wconf 81' lang='lat' dir='ltr'><strong>fidelium</strong></span> 
     </span>
     <span class='ocr_line' id='line_1_29' title="bbox 258 3232 1324 3302; baseline -0.001 -18"><span class='ocrx_word' id='word_1_255' title='bbox 258 3232 433 3284; x_wconf 80' lang='lat' dir='ltr'><strong>defunctorum</strong></span> <span class='ocrx_word' id='word_1_256' title='bbox 452 3233 501 3300; x_wconf 82' lang='lat' dir='ltr'><strong>legi</strong></span> <span class='ocrx_word' id='word_1_257' title='bbox 520 3243 601 3302; x_wconf 88' lang='lat' dir='ltr'><strong>potest</strong></span> <span class='ocrx_word' id='word_1_258' title='bbox 619 3234 694 3286; x_wconf 84' lang='lat' dir='ltr'><strong>Missa</strong></span> <span class='ocrx_word' id='word_1_259' title='bbox 713 3251 757 3302; x_wconf 87' lang='lat' dir='ltr'><strong>pro</strong></span> <span class='ocrx_word' id='word_1_260' title='bbox 775 3238 889 3301; x_wconf 86' lang='lat' dir='ltr'><strong>sponsis,</strong></span> <span class='ocrx_word' id='word_1_261' title='bbox 908 3251 959 3286; x_wconf 91' lang='lat' dir='ltr'><strong>non</strong></span> <span class='ocrx_word' id='word_1_262' title='bbox 978 3249 1037 3287; x_wconf 82' lang='lat' dir='ltr'><strong>uero</strong></span> <span class='ocrx_word' id='word_1_263' title='bbox 1057 3235 1104 3286; x_wconf 87' lang='lat' dir='ltr'><strong>aliu</strong></span> <span class='ocrx_word' id='word_1_264' title='bbox 1122 3237 1217 3286; x_wconf 85' lang='lat' dir='ltr'><strong>votiva.</strong></span> <span class='ocrx_word' id='word_1_265' title='bbox 1257 3235 1282 3286; x_wconf 89' lang='lat' dir='ltr'><strong>S.</strong></span> <span class='ocrx_word' id='word_1_266' title='bbox 1299 3232 1324 3284; x_wconf 84' lang='lat' dir='ltr'><strong>G.</strong></span> 
     </span>
     <span class='ocr_line' id='line_1_30' title="bbox 240 3315 1323 3389; baseline 0.003 -19"><span class='ocrx_word' id='word_1_267' title='bbox 240 3319 285 3370; x_wconf 26' lang='lat' dir='ltr'><strong>vit.</strong></span> <span class='ocrx_word' id='word_1_268' title='bbox 307 3317 381 3370; x_wconf 79' lang='grc'><strong>1851).</strong></span> <span class='ocrx_word' id='word_1_269' title='bbox 405 3315 467 3369; x_wconf 79' lang='lat' dir='ltr'><strong>Cum</strong></span> <span class='ocrx_word' id='word_1_270' title='bbox 486 3322 637 3371; x_wconf 87' lang='lat' dir='ltr'><strong>matrimonii</strong></span> <span class='ocrx_word' id='word_1_271' title='bbox 657 3320 793 3372; x_wconf 80' lang='lat' dir='ltr'><strong>celebratio</strong></span> <span class='ocrx_word' id='word_1_272' title='bbox 811 3324 940 3372; x_wconf 87' lang='lat' dir='ltr'><strong>concurrit</strong></span> <span class='ocrx_word' id='word_1_273' title='bbox 962 3337 1019 3373; x_wconf 88' lang='lat' dir='ltr'><strong>cunr</strong></span> <span class='ocrx_word' id='word_1_274' title='bbox 1037 3319 1112 3372; x_wconf 80' lang='lat' dir='ltr'><strong>Missa</strong></span> <span class='ocrx_word' id='word_1_275' title='bbox 1131 3337 1176 3389; x_wconf 93' lang='lat' dir='ltr'><strong>pro</strong></span> <span class='ocrx_word' id='word_1_276' title='bbox 1196 3321 1323 3384; x_wconf 79' lang='lat' dir='ltr'><strong>defuncto,</strong></span> 
     </span>
     <span class='ocr_line' id='line_1_31' title="bbox 257 3405 1323 3476; baseline 0 -20"><span class='ocrx_word' id='word_1_277' title='bbox 257 3419 364 3471; x_wconf 87' lang='lat' dir='ltr'><strong>corpore</strong></span> <span class='ocrx_word' id='word_1_278' title='bbox 384 3412 530 3474; x_wconf 85' lang='lat' dir='ltr'><strong>praesente,</strong></span> <span class='ocrx_word' id='word_1_279' title='bbox 553 3423 603 3458; x_wconf 92' lang='lat' dir='ltr'><strong>non</strong></span> <span class='ocrx_word' id='word_1_280' title='bbox 627 3405 777 3468; x_wconf 79' lang='lat' dir='ltr'><strong>differenda,</strong></span> <span class='ocrx_word' id='word_1_281' title='bbox 801 3423 917 3476; x_wconf 82' lang='lat' dir='ltr'><strong>unusque</strong></span> <span class='ocrx_word' id='word_1_282' title='bbox 936 3415 1030 3460; x_wconf 88' lang='lat' dir='ltr'><strong>tautum</strong></span> <span class='ocrx_word' id='word_1_283' title='bbox 1055 3407 1126 3458; x_wconf 87' lang='lat' dir='ltr'><strong>adest</strong></span> <span class='ocrx_word' id='word_1_284' title='bbox 1143 3405 1278 3468; x_wconf 84' lang='lat' dir='ltr'><strong>sacerdos,</strong></span> <span class='ocrx_word' id='word_1_285' title='bbox 1301 3410 1323 3456; x_wconf 90' lang='lat' dir='ltr'><strong>in</strong></span> 
     </span>
    </p>
   </div>
   <div class='ocr_carea' id='block_1_7' title="bbox 216 3489 1322 4074">
    <p class='ocr_par' dir='ltr' id='par_1_18' title="bbox 258 3489 1322 3646">
     <span class='ocr_line' id='line_1_32' title="bbox 258 3489 1322 3562; baseline 0 -21"><span class='ocrx_word' id='word_1_286' title='bbox 258 3491 306 3542; x_wconf 91' lang='lat' dir='ltr'><strong>boc</strong></span> <span class='ocrx_word' id='word_1_287' title='bbox 328 3505 390 3542; x_wconf 84' lang='lat' dir='ltr'><strong>casu</strong></span> <span class='ocrx_word' id='word_1_288' title='bbox 408 3489 481 3542; x_wconf 83' lang='lat' dir='ltr'><strong>Missa</strong></span> <span class='ocrx_word' id='word_1_289' title='bbox 505 3491 587 3543; x_wconf 84' lang='lat' dir='ltr'><strong>obitus</strong></span> <span class='ocrx_word' id='word_1_290' title='bbox 611 3494 749 3560; x_wconf 83' lang='lat' dir='ltr'><strong>praefertur</strong></span> <span class='ocrx_word' id='word_1_291' title='bbox 768 3491 858 3544; x_wconf 88' lang='lat' dir='ltr'><strong>llissao</strong></span> <span class='ocrx_word' id='word_1_292' title='bbox 884 3510 930 3560; x_wconf 92' lang='lat' dir='ltr'><strong>pro</strong></span> <span class='ocrx_word' id='word_1_293' title='bbox 953 3510 1046 3562; x_wconf 89' lang='lat' dir='ltr'><strong>sponso</strong></span> <span class='ocrx_word' id='word_1_294' title='bbox 1069 3501 1094 3546; x_wconf 85' lang='lat' dir='ltr'><strong>et</strong></span> <span class='ocrx_word' id='word_1_295' title='bbox 1111 3507 1214 3561; x_wconf 85' lang='lat' dir='ltr'><strong>sponsa.</strong></span> <span class='ocrx_word' id='word_1_296' title='bbox 1251 3491 1322 3560; x_wconf 80' lang='lat' dir='ltr'><strong>llosp.</strong></span> 
     </span>
     <span class='ocr_line' id='line_1_33' title="bbox 258 3573 840 3646; baseline 0.003 -18"><span class='ocrx_word' id='word_1_297' title='bbox 258 3575 283 3628; x_wconf 90' lang='lat' dir='ltr'><strong>S.</strong></span> <span class='ocrx_word' id='word_1_298' title='bbox 302 3573 330 3627; x_wconf 81' lang='lat'><strong>0.</strong></span> <span class='ocrx_word' id='word_1_299' title='bbox 352 3575 383 3626; x_wconf 86' lang='lat' dir='ltr'><strong>de</strong></span> <span class='ocrx_word' id='word_1_300' title='bbox 400 3575 506 3646; x_wconf 83' lang='lat' dir='ltr'><strong>Propag.</strong></span> <span class='ocrx_word' id='word_1_301' title='bbox 526 3577 595 3630; x_wconf 90' lang='lat' dir='ltr'><strong>Fide.</strong></span> <span class='ocrx_word' id='word_1_302' title='bbox 617 3580 657 3640; x_wconf 85' lang='grc'><strong>13.</strong></span> <span class='ocrx_word' id='word_1_303' title='bbox 677 3579 747 3632; x_wconf 81' lang='lat' dir='ltr'><strong>llari.</strong></span> <span class='ocrx_word' id='word_1_304' title='bbox 769 3579 840 3632; x_wconf 89' lang='grc'><strong>1819.</strong></span> 
     </span>
    </p>

    <p class='ocr_par' dir='ltr' id='par_1_19' title="bbox 216 3659 605 3728">
     <span class='ocr_line' id='line_1_34' title="bbox 216 3659 605 3728; baseline 0.013 -16"><span class='ocrx_word' id='word_1_305' title='bbox 216 3660 239 3728; x_wconf 79' lang='lat'><strong>²)</strong></span> <span class='ocrx_word' id='word_1_306' title='bbox 258 3660 283 3713; x_wconf 89' lang='lat' dir='ltr'><strong>S.</strong></span> <span class='ocrx_word' id='word_1_307' title='bbox 302 3659 330 3713; x_wconf 82' lang='lat' dir='ltr'><strong>G.</strong></span> <span class='ocrx_word' id='word_1_308' title='bbox 348 3660 377 3712; x_wconf 86' lang='lat' dir='ltr'><strong>R.</strong></span> <span class='ocrx_word' id='word_1_309' title='bbox 396 3661 420 3713; x_wconf 89' lang='grc'><strong>3.</strong></span> <span class='ocrx_word' id='word_1_310' title='bbox 438 3662 510 3716; x_wconf 79' lang='lat' dir='ltr'><strong>liert.</strong></span> <span class='ocrx_word' id='word_1_311' title='bbox 531 3665 605 3717; x_wconf 83' lang='grc'><strong>1761.</strong></span> 
     </span>
    </p>

    <p class='ocr_par' dir='ltr' id='par_1_20' title="bbox 217 3745 710 3817">
     <span class='ocr_line' id='line_1_35' title="bbox 217 3745 710 3817; baseline 0.018 -22"><span class='ocrx_word' id='word_1_312' title='bbox 217 3747 240 3812; x_wconf 80' lang='lat'><strong>³)</strong></span> <span class='ocrx_word' id='word_1_313' title='bbox 258 3745 322 3797; x_wconf 83' lang='lat' dir='ltr'><strong>Vide</strong></span> <span class='ocrx_word' id='word_1_314' title='bbox 340 3761 417 3814; x_wconf 85' lang='lat' dir='ltr'><strong>supra</strong></span> <span class='ocrx_word' id='word_1_315' title='bbox 436 3747 468 3798; x_wconf 93' lang='lat' dir='ltr'><strong>de</strong></span> <span class='ocrx_word' id='word_1_316' title='bbox 486 3758 599 3817; x_wconf 90' lang='lat' dir='ltr'><strong>ternpore</strong></span> <span class='ocrx_word' id='word_1_317' title='bbox 617 3751 710 3804; x_wconf 87' lang='lat' dir='ltr'><strong>clauso.</strong></span> 
     </span>
    </p>

    <p class='ocr_par' dir='ltr' id='par_1_21' title="bbox 216 3830 663 3904">
     <span class='ocr_line' id='line_1_36' title="bbox 216 3830 663 3904; baseline 0.009 -20"><span class='ocrx_word' id='word_1_318' title='bbox 216 3831 240 3898; x_wconf 76' lang='lat'><strong>⁴)</strong></span> <span class='ocrx_word' id='word_1_319' title='bbox 259 3831 283 3884; x_wconf 82' lang='lat' dir='ltr'><strong>S.</strong></span> <span class='ocrx_word' id='word_1_320' title='bbox 302 3831 332 3884; x_wconf 80' lang='lat' dir='ltr'><strong>R.</strong></span> <span class='ocrx_word' id='word_1_321' title='bbox 351 3830 379 3884; x_wconf 87' lang='lat' dir='ltr'><strong>G.</strong></span> <span class='ocrx_word' id='word_1_322' title='bbox 399 3835 424 3884; x_wconf 87' lang='lat' dir='ltr'><strong>in</strong></span> <span class='ocrx_word' id='word_1_323' title='bbox 442 3831 568 3904; x_wconf 78' lang='lat' dir='ltr'><strong>limburg.</strong></span> <span class='ocrx_word' id='word_1_324' title='bbox 588 3836 663 3888; x_wconf 87' lang='grc'><strong>1853.</strong></span> 
     </span>
    </p>

    <p class='ocr_par' dir='ltr' id='par_1_22' title="bbox 218 3916 1319 4074">
     <span class='ocr_line' id='line_1_37' title="bbox 218 3916 1319 3990; baseline 0.004 -22"><span class='ocrx_word' id='word_1_325' title='bbox 218 3917 241 3983; x_wconf 73' lang='lat'><strong>⁵)</strong></span> <span class='ocrx_word' id='word_1_326' title='bbox 259 3916 284 3972; x_wconf 90' lang='lat' dir='ltr'><strong>S.</strong></span> <span class='ocrx_word' id='word_1_327' title='bbox 303 3916 331 3969; x_wconf 81' lang='lat'><strong>0.</strong></span> <span class='ocrx_word' id='word_1_328' title='bbox 349 3919 377 3968; x_wconf 83' lang='lat' dir='ltr'><strong>it.</strong></span> <span class='ocrx_word' id='word_1_329' title='bbox 396 3917 437 3968; x_wconf 91' lang='grc'><strong>28.</strong></span> <span class='ocrx_word' id='word_1_330' title='bbox 450 3916 523 3970; x_wconf 84' lang='lat' dir='ltr'><strong>Febr.</strong></span> <span class='ocrx_word' id='word_1_331' title='bbox 537 3919 618 3984; x_wconf 86' lang='grc'><strong>1818;</strong></span> <span class='ocrx_word' id='word_1_332' title='bbox 638 3922 678 3972; x_wconf 87' lang='grc'><strong>28.</strong></span> <span class='ocrx_word' id='word_1_333' title='bbox 697 3919 756 3971; x_wconf 85' lang='lat' dir='ltr'><strong>Julii</strong></span> <span class='ocrx_word' id='word_1_334' title='bbox 777 3919 843 3972; x_wconf 89' lang='grc'><strong>1832</strong></span> <span class='ocrx_word' id='word_1_335' title='bbox 862 3929 887 3972; x_wconf 91' lang='lat' dir='ltr'><strong>et</strong></span> <span class='ocrx_word' id='word_1_336' title='bbox 905 3921 1020 3990; x_wconf 62' lang='lat' dir='ltr'><strong>olmag.</strong></span> <span class='ocrx_word' id='word_1_337' title='bbox 1042 3921 1107 3976; x_wconf 86' lang='grc'><strong>18311</strong></span> <span class='ocrx_word' id='word_1_338' title='bbox 1127 3923 1151 3973; x_wconf 93' lang='lat' dir='ltr'><strong>in</strong></span> <span class='ocrx_word' id='word_1_339' title='bbox 1165 3921 1319 3988; x_wconf 73' lang='lat' dir='ltr'><strong>Eysletteosi.</strong></span> 
     </span>
     <span class='ocr_line' id='line_1_38' title="bbox 257 3989 1207 4074; baseline 0.003 -18"><span class='ocrx_word' id='word_1_340' title='bbox 257 4032 292 4043; x_wconf 95' lang='lat'>—</span> <span class='ocrx_word' id='word_1_341' title='bbox 310 4003 370 4056; x_wconf 86' lang='lat' dir='ltr'><strong>lost.</strong></span> <span class='ocrx_word' id='word_1_342' title='bbox 389 4012 452 4071; x_wconf 82' lang='lat' dir='ltr'><strong>past</strong></span> <span class='ocrx_word' id='word_1_343' title='bbox 472 4005 544 4073; x_wconf 77' lang='lat' dir='ltr'><strong>Eyst.</strong></span> <span class='ocrx_word' id='word_1_344' title='bbox 564 4023 588 4074; x_wconf 86' lang='lat' dir='ltr'><strong>p.</strong></span> <span class='ocrx_word' id='word_1_345' title='bbox 607 4007 666 4060; x_wconf 84' lang='grc'><strong>364.</strong></span> <span class='ocrx_word' id='word_1_346' title='bbox 685 4005 783 4059; x_wconf 88' lang='lat' dir='ltr'><strong>Fornici</strong></span> <span class='ocrx_word' id='word_1_347' title='bbox 801 4005 817 4057; x_wconf 89' lang='lat' dir='ltr'><strong>l.</strong></span> <span class='ocrx_word' id='word_1_348' title='bbox 836 4022 858 4058; x_wconf 92' lang='lat' dir='ltr'><strong>c.</strong></span> <span class='ocrx_word' id='word_1_349' title='bbox 1015 4005 1019 4017; x_wconf 68' lang='lat'>⁴</span> <span class='ocrx_word' id='word_1_350' title='bbox 1065 3989 1068 3998; x_wconf 45' lang='lat'>⁵</span> <span class='ocrx_word' id='word_1_351' title='bbox 1205 3991 1207 3999; x_wconf 47' lang='grc'><em>’</em></span> 
     </span>
    </p>
   </div>
   <div class='ocr_carea' id='block_1_8' title="bbox 0 0 1391 4664">
    <p class='ocr_par' dir='ltr' id='par_1_23' title="bbox 0 0 1391 4664">
     <span class='ocr_line' id='line_1_39' title="bbox 0 0 1391 4664; baseline 0 0"><span class='ocrx_word' id='word_1_352' title='bbox 0 0 1391 4664; x_wconf 95' lang='lat' dir='ltr'><strong> </strong></span> 
     </span>
    </p>
   </div>
  </div>
 </body>
</html>
