2736 4660
576 169 768 228 remmam.
1182 151 1246 222 4⁰7

145 410 173 480 2)
205 411 369 472 Formulo
386 409 657 488 dispensationis
680 411 885 495 auctoritate
903 411 1110 488 apostoliea
1133 427 1212 474 oon·

92 575 97 580 ¹
144 495 306 556 cedendo
330 511 434 574 super
457 497 681 558 matrimonio
704 499 777 574 jam
801 501 979 560 contracto
1002 499 1047 558 ob
1073 497 1214 573 aliquod

270 590 275 605 ²
405 582 704 661 impedimentum.
741 585 793 652 (iix
808 583 951 651 intusa.)

401 822 457 884 Dei
481 828 511 884 et
532 719 725 901 ApostddicaNe
747 821 833 886 Sedis
854 820 954 886 Gratia

357 992 361 998 ,
535 923 699 1005 Episcopus
727 923 762 985 N.
785 923 822 990 N.
968 1015 970 1020 Ι

125 1029 127 1032 ’
225 1027 341 1090 dilectis
359 1025 451 1089 Nobis
468 1031 498 1087 in
516 1025 631 1090 Christo
646 1027 681 1092 N.
702 1034 731 1089 et
748 1026 782 1090 N.
794 1027 928 1112 'salutem
945 1031 976 1088 in
992 1027 1137 1090 Domino!
1222 1031 1224 1037 ’

201 1152 324 1216 Oblatae
347 1152 435 1216 nobis
458 1169 554 1234 nuper
575 1169 629 1234 pro
648 1161 732 1236 parte
754 1158 854 1217 vestra
877 1156 1029 1234 petitionis
1051 1159 1147 1216 series
1170 1171 1248 1216 con-

108 1255 234 1333 tinebat,
258 1254 331 1318 alias
346 1273 402 1318 vos
423 1261 454 1320 in
477 1256 625 1334 (secundo
648 1255 743 1340 gradu
765 1258 1048 1339 consanguinitatis)
1071 1256 1248 1336 conjunctos

106 1361 239 1418 invicem
270 1361 489 1420 matrimonium
518 1357 727 1439 conjunxisse,
761 1363 793 1420 in
824 1357 990 1438 eodemque
1020 1361 1064 1419 sic
1093 1362 1246 1420 contracto

106 1464 299 1522 matrimonio
321 1460 455 1544 legitime
477 1463 583 1523 vivero
605 1479 733 1542 cupere,
764 1466 853 1543 qula,
876 1465 901 1524 si
925 1464 1145 1524 matrimonium
1168 1465 1247 1523 inter

105 1579 163 1624 vos
187 1581 248 1624 non
270 1569 465 1644 sequeretur,
495 1569 599 1646 gravia
629 1563 738 1625 exinde
761 1563 897 1626 scandala
919 1569 950 1624 et
972 1562 1030 1626 alia
1057 1561 1246 1625 incommoda

106 1669 139 1725 in
168 1670 332 1742 animarum
355 1669 522 1729 vestrarum
550 1665 715 1746 periculum
744 1671 866 1746 possent
893 1665 1096 1728 verisimiliter
1124 1669 1249 1740 exoriri,

109 1773 203 1846 tuque
226 1768 260 1831 N.
285 1768 319 1831 N.
345 1773 473 1844 (nomen
497 1769 645 1846 feminae)
672 1776 819 1851 perpetuo
842 1767 990 1832 diffamata
1019 1773 1050 1828 et
1072 1767 1173 1830 forsan
1195 1772 1246 1830 in-

107 1875 199 1948 nupta
222 1887 405 1934 remaneres.
430 1870 541 1933 Verum
564 1889 632 1934 oum
647 1869 706 1934 hoc
728 1871 911 1933 desiderium
926 1875 1060 1932 vestrum
1082 1869 1246 1950 adimplere

107 1989 170 2034 non
198 1978 320 2053 possitis
343 1973 456 2054 absque
477 1972 565 2036 Sedis
587 1974 781 2053 Apostolieao
812 1975 1053 2054 dispensatione,
1078 1967 1246 2054 'propterea
1334 1987 1337 1995 ’

107 2073 194 2136 nobis
217 2075 370 2137 humiliter
392 2073 549 2155 supplicari
573 2075 694 2152 lecistis,
719 2080 752 2138 ut
769 2074 856 2138 vobis
877 2081 909 2138 in
932 2079 1105 2156 praemissis
1129 2075 1166 2136 de
1189 2074 1247 2137 ab·

107 2175 269 2238 solutionis
291 2176 448 2255 beneficio,
474 2195 509 2240 nc
531 2178 762 2258 dispensationis
784 2183 891 2262 gratia,
915 2183 1094 2241 auctoritate
1111 2177 1247 2258 Aposto-

108 2279 167 2340 lica
188 2277 281 2340 Nobis
303 2283 335 2340 in
357 2279 412 2341 bae
433 2287 519 2361 parte
541 2297 711 2359 concessa,
734 2287 823 2361 prout
845 2299 884 2343 ex
906 2281 1013 2343 litteris
1036 2279 1064 2344 S.
1091 2280 1124 2343 D.
1148 2280 1182 2343 N.
1207 2280 1244 2342 D.

113 2382 236 2458 Urbani,
261 2381 362 2444 divina
378 2385 566 2464 providentia
588 2380 685 2464 Papae
696 2383 783 2462 vlit,
808 2383 845 2446 ad
859 2382 922 2448 Nos
942 2382 1099 2446 haedere
1121 2387 1241 2463 scriptis

57 2509 60 2514 ·
111 2493 280 2566 opportune
311 2486 470 2565 providere
499 2485 699 2569 dignaremur.
745 2487 807 2549 Nos
835 2491 929 2570 igitur
960 2486 1049 2548 saluti
1079 2489 1246 2549 animarum

109 2595 278 2650 vestrarum
302 2589 461 2652 consulere
484 2589 619 2652 volentes
647 2593 819 2669 praemissis
842 2607 881 2651 ex
903 2593 1001 2651 causis
1028 2593 1159 2652 animum
1181 2587 1248 2650 No·
1284 2655 1286 2658 ,

110 2700 204 2755 strum
236 2693 424 2756 moventibus
453 2696 628 2754 auctoritate
657 2689 842 2772 Apostolioa,
864 2709 923 2772 qua
952 2690 1107 2775 fungimur
1133 2695 1164 2752 in
1191 2688 1248 2752 hac

110 2801 206 2875 parte,
230 2811 284 2857 vos
307 2814 323 2856 a
347 2795 501 2876 quibusvis
524 2799 661 2858 censuris
683 2801 713 2856 et
731 2802 837 2874 poenis
859 2811 876 2856 a
894 2795 974 2875 jura,
999 2795 1048 2856 vel
1069 2795 1107 2857 ab
1127 2793 1248 2856 bomine

110 2903 217 2979 quavis
241 2903 415 2971 occasione,
439 2897 487 2958 vel
514 2914 603 2958 causa
630 2897 713 2975 latis,
744 2897 852 2978 quibus
880 2893 1106 2978 quomodolibet
1134 2893 1173 2956 ob
1194 2899 1247 2955 in-

109 3005 212 3062 cestus
234 3005 358 3076 reatum,
383 2996 608 3061 et·excessibus
631 2993 801 3080 hujusmodi
824 2997 958 3062 innodati
981 2995 1083 3060 forsan
1099 3001 1242 3076 existitis,

110 3101 149 3164 ad
178 3100 318 3164 ellectum
350 3106 551 3182 praesentium
582 3099 726 3163 duntaxat
755 3100 998 3182 consequendum
1028 3098 1132 3162 harum
1165 3103 1245 3162 serie

110 3203 307 3282 absolvimus,
332 3211 362 3265 et
383 3204 560 3282 liberamus,
583 3203 716 3284 injuncta
738 3190 824 3266 vobis
846 3203 968 3265 salutari
990 3204 1245 3282 poenitentia...

110 3323 169 3386 qua
190 3312 322 3386 peracta,
345 3313 378 3368 ut
399 3306 611 3386 impedimento
634 3305 759 3366 secundi
781 3305 893 3388 gradus
915 3306 1186 3388 consanguinitatis
1208 3321 1247 3364 ex

109 3413 259 3470 communi
288 3413 388 3490 stip³te
414 3427 475 3472 non
504 3408 658 3482 obstante,
687 3409 907 3470 matrimonium
936 3411 1016 3472 inter
1036 3410 1092 3468 vos
1114 3405 1243 3486 publice,

109 3509 252 3571 videlicet
278 3528 380 3576 coram
409 3516 529 3592 proprio
558 3507 689 3590 parocho
715 3517 746 3570 et
776 3509 892 3572 duobus
914 3508 963 3572 vel
979 3508 1089 3570 -tribus
1120 3508 1244 3569 testibus

109 3618 141 3674 in
164 3611 312 3690 Ecclesia,
346 3617 466 3676 omissis
489 3619 588 3674 tamen
616 3611 912 3686 denuntiationibus,
942 3627 1016 3690 quas
1038 3609 1094 3672 bac
1115 3613 1182 3672 vice
1205 3629 1245 3672 ex

109 3719 206 3799 gratia
230 3716 353 3796 speciali
375 3719 569 3796 remittimus,
594 3715 787 3792 contrahere,
812 3720 843 3776 et
864 3717 895 3774 in
919 3731 957 3776 eo
980 3711 1169 3794 postmodum
1192 3728 1246 3772 re-

81 3857 85 3866 »
109 3835 232 3880 manere
254 3818 348 3880 libere
370 3824 401 3880 et
423 3819 503 3881 licite
526 3821 647 3898 possitis
670 3823 701 3879 et
722 3818 858 3894 valeatis,
881 3820 1057 3881 auctoritate
1073 3813 1246 3897 Apostolica

108 3921 215 3985 barum
237 3922 403 4012 litterarum
427 3925 506 3984 serie
528 3917 745 4006 dispensamus.
