2758 4664
433 144 470 195 De
489 143 578 196 Gausis
596 143 830 197 matrimonialibus.
1142 132 1204 199 199

154 305 336 381 Quaeritur,
359 323 407 380 an,
431 307 456 364 si
478 308 580 384 sponsi
604 307 665 364 sint
679 300 994 381 diversaedioecesis,
1019 304 1203 384 dispensatio

61 407 227 470 obtinenda
249 412 288 470 sit
310 409 346 471 ab
369 414 499 486 utroque
521 405 686 487 Episcopo,
719 410 745 466 si
775 412 901 485 uterque
925 426 964 468 ex
985 408 1102 471 indulto
1126 428 1197 490 spe·

62 513 129 574 ciali
154 511 296 574 facultate
319 508 510 591 dispensandi
534 507 684 592 gaudenti

150 621 184 694 it.
209 613 363 675 Sententia
386 619 431 675 sat
461 612 623 692 probabilis
653 615 752 693 negat.
797 609 884 673 Ratio
916 618 983 690 est,
1014 615 1102 691 quia,
1134 631 1202 674 cum

61 715 230 796 Episcopus
259 717 357 778 auiert
389 736 406 778 a
437 733 492 778 suo
521 713 639 776 subdito
667 712 934 792 impedimentum,
974 733 1043 776 eum
1073 714 1201 778 habilem

61 817 162 882 reddit
184 817 478 884 ad‘contrabendum
501 833 569 878 cum
592 817 652 878 aiio
674 815 818 896 impedito
826 835 835 890 3
859 835 936 878 unus
959 823 1039 878 enim
1064 817 1129 878 fieri
1143 836 1201 878 ne-

64 928 130 1004 quit
153 922 260 985 habilis
282 921 319 984 ad
342 918 769 997 contrahendumcumaltero,
793 924 865 1000 quin
888 920 936 982 hio
958 925 1046 982 eiiam
1071 920 1122 982 siat
1143 918 1202 982 ha-

62 1026 133 1088 bitis
156 1025 193 1087 ad
215 1022 449 1086 contrahendum
482 1041 549 1084 cum
566 1022 636 1100 itio,
660 1026 686 1083 si
708 1021 829 1102 quidem
858 1021 934 1084 baec
964 1024 1087 1086 relativa
1122 1029 1200 1086 sunt.

61 1127 195 1189 Aliunde
217 1127 293 1207 Papa
323 1125 493 1208 delegando
521 1124 699 1205 Episcopum
736 1127 792 1204 ipsi
827 1130 921 1186 totum
946 1127 998 1207 jus
1027 1143 1114 1188 suum
1142 1130 1202 1186 tii-

65 1231 147 1305 buit3
177 1247 253 1312 ergo
275 1230 355 1291 valet
376 1228 559 1309 dispensatio
582 1226 720 1307 Episcopi
744 1228 869 1306 perinde
891 1245 926 1288 ao
949 1233 973 1289 si
998 1249 1014 1292 a
1038 1227 1113 1308 Papa
1135 1233 1200 1307 ipso

62 1332 293 1396 concederetur.
304 1329 329 1407 ¹)
372 1331 431 1394 Sed
461 1331 498 1392 ad
538 1331 724 1410 disciplinam
755 1331 1004 1410 praeservandam
1027 1331 1135 1408 decet,
1167 1339 1200 1394 ut

61 1438 147 1499 atteri
171 1440 313 1515 episcopo
336 1439 564 1497 communicatio
587 1433 637 1495 fiat
658 1438 691 1493 in
714 1449 857 1496 concessa
880 1431 1148 1514 dispensatione.²)

580 1651 608 1717 9.
632 1641 684 1706 50.

142 1795 195 1854 De
213 1791 511 1868 dispensabilitete
529 1791 860 1866 impedimentorum
878 1791 1124 1852 dirimendum.

149 1927 172 1990 l.
196 1923 442 2006 Indispensabilia
465 1930 535 1986 suni

96 2030 128 2106 1)
153 2048 206 2107 ea,
237 2047 314 2109 quae
346 2027 489 2090 dirimunt
516 2031 737 2090 matrimonium
758 2029 827 2109 Jure
850 2027 952 2090 divino
982 2028 1031 2090 vel
1064 2028 1199 2104 naturali,

150 2131 291 2194 videlicet

149 2240 182 2311 a)
214 2234 458 2316 impedimentum
481 2238 685 2314 impotentiae.

149 2337 182 2412 b)
213 2337 458 2417 impedimentum
472 2341 752 2419 consanguinitatis
774 2341 805 2398 in
827 2336 907 2398 linea
929 2341 1021 2413 recia,

149 2445 180 2518 c)
212 2439 459 2521 impedimentum
483 2439 633 2522 ligaminis
657 2457 696 2500 ex
719 2443 907 2502 matrimonio
930 2443 1147 2516 consummato,
1176 2502 1178 2508 ,

92 2543 129 2622 2)
154 2560 200 2618 ea,
223 2562 300 2623 quac
323 2541 578 2622 dispensationem
601 2543 650 2604 vel
673 2560 711 2604 ex
734 2548 838 2604 natura
867 2545 913 2604 rei
935 2541 984 2602 vel
1006 2557 1045 2602 ex
1067 2539 1200 2620 disposi-

148 2650 231 2708 tione
249 2647 326 2726 juris
349 2665 410 2708 nou
433 2645 602 2723 admittunt,
628 2645 689 2708 tolli
710 2651 809 2708 tamen
833 2651 958 2724 possunt
972 2643 1036 2707 solo
1051 2661 1201 2706 consensu

149 2749 249 2810 debite
272 2753 380 2830 posito,
404 2749 520 2812 scilicet

62 2905 272 2916 -η-ι--ι-κιο--ι-ι-

131 2997 199 3063 copi
217 2994 356 3062 siquando
375 2997 430 3061 ipse
448 3009 492 3046 eae
517 2997 713 3047 communicavit
730 3011 813 3064 neque
832 3002 918 3063 postea
937 2995 1075 3054 revocavit,
1093 3009 1200 3046 nonex-

130 3085 300 3150 tiaquuniur,
320 3083 381 3152 quia
408 3081 463 3134 talia
487 3081 634 3134 bonitatum
658 3084 851 3134 communicatio
877 3090 914 3132 est
939 3084 1011 3150 quasi
1034 3079 1160 3150 delegatio
1187 3096 1203 3131 a

131 3167 198 3220 Sede
222 3165 367 3236 Apostolica
389 3168 455 3219 iacta
478 3169 604 3222 mediante
628 3157 723 3218 tantum
742 3168 966 3235 Episcopo-ilinc
992 3173 1017 3220 in
1042 3166 1202 3219 facultatibus

131 3252 364 3324 quinquennalibus
381 3253 516 3322 Episcopis
535 3254 685 3306 Germaniae
710 3255 773 3304 datis
792 3257 857 3305 inter
875 3256 936 3305 alias
955 3263 1102 3305 recensetur
1121 3253 1200 3304 iacul-

132 3351 181 3402 tas,
198 3340 404 3390 communicandi
417 3341 559 3403 facultates
570 3342 616 3392 has
634 3345 660 3394 in
672 3350 751 3393 totum
764 3341 804 3393 vel
823 3343 848 3390 in
859 3350 963 3406 partem,
983 3348 1057 3407 prout
1070 3355 1133 3406 opus
1146 3354 1202 3389 esse

131 3424 271 3477 secundum
290 3424 345 3490 ejus
363 3428 543 3478 conscientiam
559 3427 719 3492 judicaverit,
738 3427 913 3478 Sacerdotibus
934 3425 1031 3476 idoneis
1049 3427 1075 3476 in
1094 3439 1201 3476 convcr-

129 3515 204 3565 siono
220 3513 361 3563 aainmrum
380 3511 562 3574 laborantibus,
580 3521 605 3563 et
622 3516 777 3581 praesertim
796 3521 907 3580 tempore
924 3515 968 3562 sui
983 3511 1078 3572 obitus,
1095 3517 1125 3560 ut
1136 3510 1202 3561 Sede

86 3599 88 3602 ’
129 3600 308 3661 ementerii,
333 3601 379 3666 qui
393 3603 476 3664 possit
493 3599 626 3666 supplere,
651 3599 733 3650 donec
757 3597 836 3650 Sedes
854 3597 997 3664 Apostolica
1024 3599 1116 3649 certior
1134 3597 1201 3648 iacta

132 3685 212 3754 (quod
232 3685 434 3752 quamprimum
453 3684 507 3736 lieri
526 3684 626 3736 debebit
645 3701 689 3752 por
708 3685 851 3754 delegatos,
879 3693 922 3736 aut
940 3700 985 3752 per
1003 3701 1082 3736 unum
1102 3701 1133 3736 ex
1152 3685 1201 3747 eis)

131 3771 182 3842 alio
199 3769 275 3822 modo
294 3771 454 3837 provideat“
471 3800 505 3810 -
523 3771 653 3824 Reiileost.
672 3771 780 3839 append.
798 3773 822 3835 δ.
843 3774 866 3824 2.
885 3787 909 3821 n.
929 3773 970 3822 22.

86 3860 109 3926 ¹)
129 3855 208 3923 Gany,
225 3873 251 3906 ιι.
270 3855 345 3908 1547.
380 3857 405 3911 S.
423 3855 523 3928 Lignor.
542 3874 567 3910 a.
588 3857 662 3910 11⁴2.

84 3947 109 4014 ²)
127 3943 227 4014 Euopp.
246 3959 271 4014 p.
289 3943 366 3998 443.-
