2758 4664
434 235 472 292 De
488 237 578 292 Cnos'u
596 235 828 294 nutriminibus.

183 437 209 516 l.
248 439 300 516 lie
329 441 658 538 impensatione
685 441 1081 541 impedimentorum.

583 625 611 693 ς.
634 618 685 684 di.

365 761 416 820 De
434 755 704 838 Dispensatione
723 761 761 820 in
779 769 911 837 genere.

148 907 167 970 i.
202 907 394 987 Dispensoiio
423 915 468 970 est
500 909 576 993 legis
599 908 744 972 remnaiio
775 908 853 970 iactr
879 907 918 968 sd
949 913 1067 988 tempus
1088 921 1143 968 seu
1169 909 1203 966 in

60 1029 131 1072 casu
157 1010 328 1090 particulari
351 1009 389 1070 ab
410 1017 587 1074 anctoritate
613 1012 746 1094 legitima
769 1015 802 1073 in
825 1014 953 1093 gmiinon
976 1009 1121 1089 allcq'us,
1151 1011 1203 1089 spi

59 1114 150 1176 aliter
180 1113 250 1194 lege
286 1112 337 1174 iila
366 1112 553 1197 obligaretur
563 1114 599 1191 ¹).
654 1115 737 1178 Talis
767 1113 914 1177 relaxatio
949 1113 1030 1197 legis
1057 1109 1203 1185 irodtepmo

60 1224 195 1298 tempore
224 1232 441 1295 saepenumero
468 1218 652 1280 ineuitabilis
680 1218 779 1280 evadit
808 1220 981 1298 praesertim
1016 1219 1048 1277 in
1071 1214 1203 1297 iegibus,

62 1336 140 1397 qnae
161 1323 297 1398 spectant
319 1322 551 1398 nminimonimrn,
576 1339 629 1397 oe,
655 1321 735 1402 quod
757 1327 902 1384 statutum
924 1326 971 1382 est
994 1318 1200 1394 saluberrime,

61 1427 93 1482 in
116 1421 328 1483 monimentum
343 1427 508 1485 amianarum
519 1423 622 1498 cedot3
645 1428 769 1486 atenim
783 1420 1009 1485 matrimonialis
1030 1419 1204 1501 oonjrunmio

62 1528 196 1586 semotior
218 1523 391 1605 firmiorque
414 1540 449 1587 ac
470 1527 653 1606 reipublicae
673 1533 704 1588 et
727 1525 906 1592 christianae
928 1531 959 1586 ei
981 1524 1119 1604 politicae
1139 1527 1204 1586 niis·
1301 1527 1303 1532 '

61 1629 130 1689 lior.
143 1625 232 1706 soret,
256 1627 389 1690 Ecclesia
413 1647 477 1690 eam
494 1647 554 1690 mon
577 1637 700 1708 tannae,
726 1629 864 1694 sedeam
883 1628 1002 1690 deiectu
1024 1634 1055 1689 et
1071 1630 1204 1690 circum„

61 1735 225 1811 spectione
249 1735 377 1792 marinna
400 1734 469 1793 iniri
490 1733 601 1803 voluit,
632 1736 736 1813 positis
758 1749 828 1794 eum
851 1736 882 1793 in
904 1730 995 1792 linem
1018 1745 1078 1792 nou
1102 1733 1204 1809 paneis

63 1834 307 1915 impedimentis,
340 1852 417 1914 quae
440 1840 548 1911 tarmen,
583 1839 608 1898 si
642 1839 807 1897 necessitas
831 1835 878 1895 vei
905 1835 1002 1915 major
1029 1833 1142 1894 utilitas
1168 1831 1206 1903 soi

60 1939 191 2000 salum
213 1942 379 2000 animarum
400 1937 542 2015 suadeat,
574 1941 663 2000 sicuti
695 1955 750 2018 pro
771 1941 896 2000 caritate
919 1941 1041 1999 inventa
1071 1935 1204 2012 ruerunt,

60 2057 116 2122 pro
153 2043 278 2102 caritate
310 2055 429 2122 qaoque
463 2041 511 2118 uel
534 2045 728 2115 omittentur,
762 2041 809 2102 uel
841 2043 1080 2105 intermittantur
1102 2039 1150 2100 vel
1172 2042 1204 2100 in

60 2143 143 2207 eliud
165 2145 244 2206 toute
267 2143 453 2206 commodius
465 2141 701 2218 demutentmr2).
747 2145 829 2207 Patet
847 2148 948 2206 antem
963 2160 1018 2224 pen
1039 2160 1082 2220 se,
1108 2143 1205 2225 logias

61 2247 161 2323 latori,
189 2247 364 2330 rrum-leges
387 2248 546 2330 generales
566 2253 608 2310 ita
632 2249 721 2312 scribi
744 2265 807 2310 non
831 2250 963 2327 possint,
987 2252 1020 2308 ut
1041 2246 1219 2328 singularia,

59 2367 261 2430 quaecunque
290 2348 545 2430 comprehendant
575 2357 605 2412 et
627 2351 786 2428 definiant,
818 2348 959 2414 mnunmm
975 2365 1052 2412 esse
1074 2346 1206 2412 iaculum

61 2459 134 2531 tem,
160 2453 238 2536 legis
261 2453 412 2514 uinculum
436 2452 605 2529 retexendi,
638 2459 758 2535 quoties
780 2471 867 2516 cosas
890 2457 1046 2536 emergat,
1068 2455 1120 2532 qui
1143 2455 1207 2512 sdr-

60 2560 251 2618 oumstanttis
274 2555 488 2630 consideratis,
511 2557 601 2619 eiiam
625 2557 744 2618 uidetur
765 2556 919 2637 postolare
940 2551 1205 2636 providemiamlu

150 2659 186 2720 ll.
220 2657 355 2722 Potestas
385 2661 480 2742 igilur
508 2660 705 2742 dispensandi
741 2678 780 2721 ex
811 2663 916 2722 natura
954 2664 998 2720 rei
1032 2664 1205 2721 neccssaria

60 2781 157 2844 penes
179 2763 384 2846 legislatorem
407 2762 521 2824 residet
528 2782 537 2838 ;
561 2764 652 2843 unde,
674 2769 852 2845 inquantum
874 2755 1029 2824 Ecclesiae
1051 2766 1205 2842 competit,

59 2867 276 2948 inn'podimenia
298 2871 441 2942 statuere,
466 2871 499 2927 in
520 2873 633 2932 lentum
657 2871 748 2930 etiam
762 2869 941 2947 potestatam
956 2864 1054 2943 habet,
1077 2864 1208 2945 desurpser

60 3058 268 3066 ———-—-—-—-

92 3151 113 3218 ¹)
133 3153 163 3202 in
183 3151 240 3215 his,
265 3168 329 3220 quae
344 3153 410 3218 juris
429 3155 531 3206 humani
551 3162 628 3216 sunt,
654 3169 835 3222 nonnunquam
859 3155 1008 3204 auctoritate
1033 3169 1138 3218 eorum,
1165 3157 1207 3224 qut

131 3238 216 3309 legem
234 3238 353 3300 tulerunt,
371 3239 513 3307 dispensari
533 3255 617 3308 posse,
636 3255 710 3291 menno
730 3255 840 3308 unquam
859 3237 996 3302 dubitarim
1014 3248 1090 3308 ntqne
1107 3240 1139 3290 ds
1158 3239 1206 3291 inne

130 3324 319 3394 dispensatione
337 3335 404 3377 recte
427 3330 527 3395 scripsit
552 3328 583 3378 ad
602 3341 622 3380 s.
640 3328 787 3378 Anselmnam
808 3325 1015 3378 Oantmariensem
1035 3315 1206 3376 Pnscmnlisil.

122 3427 172 3478 ep.
192 3411 232 3462 it.
250 3411 467 3479 „liispensntionis
480 3413 576 3474 modos,
596 3417 659 3465 siout
678 3414 767 3465 bertus
778 3411 886 3478 Gyrillns
904 3412 929 3460 im
942 3408 1047 3477 epistola
1060 3409 1206 3478 Ephesinae

131 3495 223 3564 synodi
242 3495 359 3565 loquitur,
377 3497 441 3550 uuili
460 3513 572 3568 unquam
591 3503 732 3566 sapientem
751 3497 887 3565 displicuit,
911 3497 1026 3546 movimm
1045 3497 1112 3546 enim
1131 3511 1207 3548 sanc·

129 3591 169 3634 tos
190 3591 272 3650 patres
289 3591 388 3634 nostros
412 3593 438 3635 et
462 3587 531 3650 ipsos
550 3586 685 3652 Apostolos
710 3601 755 3652 pro
774 3593 917 3650 temporum
942 3580 1055 3632 articulis
1077 3590 1103 3632 et
1126 3583 1209 3652 quali-

128 3669 224 3721 tatibus
243 3685 408 3736 personarum
427 3670 657 3738 dispensationibus
682 3687 776 3723 usos..
793 3673 819 3721 ,⁶⁴
838 3669 913 3720 Plura
931 3669 957 3718 im
977 3667 1045 3719 inuno
1063 3668 1148 3718 ineam
1167 3672 1206 3719 vi-

130 3755 184 3807 deri
211 3763 316 3824 possum
342 3771 382 3823 sp.
401 3753 512 3808 Gratiam.
535 3773 604 3809 caus.
630 3759 652 3808 i.
677 3759 816 3826 quaesti.
848 3754 1016 3826 iiam-ilspen.
1043 3753 1076 3805 de
1094 3753 1208 3826 dispens.

128 3857 152 3894 e.
172 3842 194 3902 t,
213 3857 239 3892 n.
259 3840 281 3892 1.

91 3930 115 3994 ²)
134 3927 161 3980 S.
178 3926 304 3978 Bernard.
323 3927 355 3978 de
373 3935 500 3995 praecept.
519 3937 544 3979 et
563 3929 660 3997 discipl.
678 3942 734 3998 cap.
753 3931 778 3984 2.

87 4014 112 4081 ²)
130 4011 247 4066 Berords'
264 4012 296 4064 da
314 4015 421 4066 matrim
442 4015 498 4066 111.
