2746 4646
342 185 379 240 Dc
397 187 582 256 impedimentis
600 191 785 242 matrimonium
804 189 984 244 dirimentibus.
1171 177 1230 244 133
1304 243 1307 258 ,

92 345 169 422 aliis,
198 363 240 408 sc.
263 343 411 426 Episcopo
433 343 598 408 iiooecaosi
621 349 652 408 ln
670 345 808 426 luponio,
832 353 862 409 ct
884 347 1089 429 superioribus
1104 345 1133 413 S.
1154 347 1181 413 J.
1199 353 1232 412 in

92 465 190 532 reguo
209 446 327 510 Sinensi
351 447 387 511 ad
406 449 596 525 decennium,
618 455 651 512 ut
666 447 755 512 habel
774 450 839 530 ejus
859 449 939 514 Bolia
962 451 1022 528 „Ui
1044 455 1233 514 eoirnarum“

92 551 130 613 dc
144 550 197 613 21.
220 549 269 611 die
285 550 354 614 Jon.
382 549 478 626 1616;
501 557 613 633 parlier
628 551 794 637 Gregorius
818 552 895 614 lllll.
919 560 948 614 ei
970 554 1019 616 alil
1036 573 1059 618 a.
1073 553 1232 618 Pontifices

92 671 189 735 usque
211 653 248 714 ad
270 653 446 717 hodiernum
469 655 558 732 diem,
582 656 662 720 uode
689 660 777 718 etiem
801 655 939 738 Episcopi
970 657 1141 721 Arrrericaoi
1175 673 1232 721 ee·

91 755 160 818 dem
185 756 316 840 gaudent
339 757 547 843 delegatione,
578 761 665 840 quia,
697 777 764 822 cum
799 759 975 840 baptismum
1007 761 1141 842 plerique
1172 777 1231 824 ne-

91 862 212 946 gllgeot
232 865 264 922 lo
285 860 331 923 his
352 861 495 942 perillus,
525 861 630 924 eadem
663 861 726 924 iere
761 879 861 924 rerum
895 863 974 943 apud
1009 881 1065 926 nos
1096 861 1228 926 conditio

90 970 148 1043 est,
173 969 263 1045 atque
286 969 365 1026 lotor
386 965 516 1048 gentiles
528 963 554 1043 ¹)
601 965 687 1041 Hinc,
716 969 741 1028 si
776 970 877 1048 egitur
899 965 937 1028 de
967 971 1156 1030 matrimonio
1179 970 1231 1028 lo-

91 1073 139 1129 ier
161 1067 337 1130 catholicum
361 1073 391 1130 ct
412 1073 626 1148 protestantem
650 1067 798 1146 ineundo,
824 1086 943 1150 semper
965 1069 1071 1133 sedulo
1099 1073 1231 1132 investi-

89 1171 224 1255 gandum
248 1177 293 1233 asi
315 1175 346 1232 in
368 1170 423 1234 bac
445 1175 583 1255 regione,
613 1187 650 1234 en
680 1189 739 1234 non
771 1171 870 1235 obstet
892 1173 1138 1253 impedimentum
1162 1171 1230 1235 dis·

89 1277 225 1353 paritatis
249 1273 365 1350 cultus;
389 1274 493 1336 eedcm
517 1278 616 1337 cautio
640 1279 686 1336 est
708 1273 874 1337 adhibenda
901 1279 932 1337 in
955 1294 1027 1339 casu
1049 1278 1230 1338 conversio-

89 1381 138 1438 nis
161 1375 302 1440 haeretici
325 1395 393 1439 cum
416 1376 509 1439 altere
539 1377 688 1439 haeretice
710 1381 804 1456 parte,
832 1382 864 1438 ln
895 1379 1040 1463 conjugio
1068 1378 1230 1458 conjuncti,

88 1485 123 1542 ui
146 1483 379 1558 matrimonium,
410 1483 436 1542 si
466 1479 543 1544 loric
572 1479 663 1543 fuerit
690 1484 808 1542 irritum
839 1499 878 1543 ex
915 1479 973 1544 hoe
1006 1477 1229 1562 impedimento,

87 1584 191 1664 aliquo
217 1582 305 1645 modo
328 1601 382 1663 per
404 1583 656 1664 dispensationem
680 1581 908 1661 revelldetur.²)

181 1685 356 1762 Quaeritur
381 1683 428 1762 10)
451 1686 602 1768 quomodo
625 1691 664 1749 sii
686 1683 909 1769 procedendum
932 1690 963 1748 ln
997 1684 1086 1748 dubio
1109 1684 1146 1748 dc
1173 1685 1231 1748 ba-

88 1793 201 1870 plismo
223 1788 405 1852 acatholicae
429 1793 540 1870 pertis,
573 1793 598 1852 si
618 1789 775 1873 Joogeoda
803 1793 842 1852 sit
870 1793 901 1852 ln
933 1791 1127 1852 matrimonio
1161 1805 1228 1850 eum

90 1891 263 1956 catholico?

178 2001 213 2076 lp.
259 1992 510 2078 Distinguendum
533 1997 601 2070 erli,
624 1994 765 2058 videlicet
789 1993 822 2071 i)
844 1998 870 2058 si
893 1992 1015 2056 dubium
1039 1999 1078 2058 sit
1099 1994 1137 2058 de
1159 2011 1232 2058 sus·

90 2104 179 2178 cepio
202 2098 360 2178 baptismo,
384 2095 565 2177 dispensatio
588 2096 627 2160 de
648 2099 863 2179 impedimento
885 2097 1076 2178 disparitatis,
1099 2101 1155 2176 nlsl
1171 2097 1231 2160 du-

90 2201 173 2264 bium
198 2201 259 2263 iolll
284 2203 390 2281 possit,
413 2199 540 2280 petenda
570 2205 644 2280 crlt3
680 2207 747 2285 qula
782 2201 893 2264 lectum
930 2217 990 2263 non
1020 2203 1231 2282 praesumitur,

92 2303 147 2366 sed
170 2303 288 2384 probari
311 2303 408 2366 debet.
432 2337 472 2350 ·-
491 2301 527 2377 2)
551 2302 581 2368 Si
612 2303 734 2366 dubium
766 2308 806 2366 sit
841 2303 879 2366 de
909 2303 1011 2367 valore
1033 2304 1171 2384 baptismi
1186 2292 1232 2366 ab

91 2405 270 2470 Acaiholico
294 2413 376 2470 cerie
398 2409 540 2486 suscepti,
565 2413 635 2468 iuno
658 2407 795 2470 siendum
827 2411 884 2468 erli
916 2424 970 2487 pro
1001 2406 1104 2471 valore
1133 2412 1229 2487 acius,

93 2510 192 2573 donec
215 2509 303 2572 allier
326 2509 468 2591 probetur
490 2525 529 2570 er
552 2510 716 2572 rationibus
740 2514 887 2591 positivis,
917 2529 953 2572 ec
975 2509 1099 2590 proinde
1121 2513 1152 2572 ln
1175 2509 1231 2574 boc

92 2633 164 2677 casu
186 2615 368 2694 dispensatio
389 2630 449 2675 non
472 2611 591 2674 videtur
613 2629 681 2676 csse
704 2618 883 2678 necessarie.

183 2716 355 2793 Quaeritur
377 2713 437 2791 2⁰),
461 2716 612 2796 quomodo
635 2721 674 2780 sit
695 2717 844 2802 agendum
866 2719 897 2777 in
921 2733 992 2780 ceso
1025 2719 1232 2780 conversionis

93 2818 251 2884 acatholici
273 2822 305 2880 in
328 2822 518 2882 matrimonio
542 2837 609 2881 cum
632 2820 726 2883 altero
757 2819 920 2883 acatholico
949 2819 1110 2902 conjuncti,
1141 2818 1231 2884 dubio

93 2923 132 2985 de
154 2922 303 3003 baptismo
326 2920 528 2985 occurrente?

180 3031 214 3106 lp.
259 3023 512 3108 Distinguendum
549 3028 632 3102 erit,
677 3043 749 3086 num
785 3023 906 3086 dublum
941 3027 981 3087 sii
1013 3024 1051 3088 de
1085 3025 1231 3106 baptismo

100 3132 202 3206 unius,
226 3146 264 3190 ao
295 3131 451 3209 utriusque
479 3128 616 3211 conjugis
626 3147 635 3202 3
670 3131 742 3190 item
771 3145 842 3190 num
871 3130 910 3190 sii
938 3126 1060 3190 dubium
1085 3129 1164 3210 juris
1193 3145 1232 3192 en

94 3231 197 3296 iacti?

183 3333 274 3398 Dico:
300 3331 380 3408 ibai
405 3334 557 3397 dubitetur
585 3333 623 3396 de
650 3335 842 3414 susceptione
873 3331 1010 3414 baptismi
1038 3349 1077 3394 ex
1107 3336 1233 3413 utreque

95 3442 191 3518 peric,
215 3441 439 3501 matrimonium
460 3454 522 3499 noo
544 3440 602 3498 erit
615 3452 668 3518 per
682 3435 934 3517 dispensationem
954 3434 1129 3510 revelidum,
1152 3433 1233 3512 dum,

96 3545 166 3622 quia
189 3541 241 3602 lex
263 3541 467 3603 ecclesiastica
490 3539 528 3602 de
551 3539 723 3620 disparitate
745 3537 852 3617 cuitus,
883 3537 979 3601 donec
1001 3537 1138 3618 baptismi
1161 3553 1233 3600 sus-

123 3709 147 3778 ¹)
165 3709 281 3762 lienricic
302 3708 387 3762 Theoi.
406 3723 467 3762 mor.
486 3727 511 3778 p.
530 3710 554 3762 3.
573 3727 597 3779 p.
607 3709 667 3762 eit.

122 3798 146 3864 ²)
165 3793 268 3849 Certum
295 3803 349 3858 est,
374 3797 559 3847 meiriomniom
584 3811 599 3846 a
622 3799 776 3862 protestanie
800 3791 926 3860 baptisato
949 3807 1005 3842 cum
1034 3805 1089 3842 non
1108 3789 1233 3858 baptisate

166 3881 278 3950 conjuge
300 3899 355 3932 usae
379 3880 519 3932 inualidum
543 3897 573 3933 ex
596 3880 667 3933 Bulla
685 3877 813 3930 Benedicti
833 3876 897 3929 xii.
933 3874 1077 3948 „Singulari
1103 3875 1191 3947 uobis,
1209 3886 1233 3934 ei

166 3986 197 4022 cx
215 3966 377 4040 generalibus
395 3969 523 4044 principiis
541 3966 573 4020 de
591 3965 774 4044 impedoueotis
792 3965 970 4026 matriacum·
