2746 4646
172 155 236 225 m
418 171 456 224 [te
472 172 657 242 impedimentis
675 173 866 224 mamertium
884 167 1068 224 dirimentibus.

170 329 399 414 intelligendum
422 328 460 390 de
489 327 669 413 ceg'miioee
695 335 760 392 orta
782 345 822 390 ex
845 327 1081 395 continuationis
1101 325 1320 398 Sacramentm

171 439 353 500 nemetiam
385 432 424 494 de
452 437 510 495 iste
533 437 653 509 statuit,
686 437 719 496 ut
748 421 892 512 deinceps
919 437 1060 516 cognatio
1083 428 1258 511 spiritualis
1280 445 1318 488 ex

171 557 207 602 ee
229 543 294 602 ertu
317 539 537 598 matrimonium
561 554 621 599 non
636 534 798 612 dirimeret,
824 540 882 598 nisi
904 541 982 598 inter
1002 534 1248 607 confirmantem,
1272 532 1319 592 vel

125 645 126 648 ’
171 645 316 723 petrinam
340 657 379 702 ex
401 656 476 716 una,
503 643 542 708 ¹ei
573 642 654 705 inter
676 638 906 718 mammea,
937 642 1084 717 istiusque
1109 641 1257 717 parentes
1281 650 1318 693 ex

171 743 264 816 attera
286 747 379 824 parta.
391 741 427 820 ¹).
1096 825 1099 830 ¹

179 901 184 908 .
256 845 291 907 li.
314 842 679 912 Adcentrahcndumhec
700 846 948 926 impedimentum
965 847 1129 926 requiritur
1154 843 1188 918 1)
1214 847 1320 922 uipe-

170 947 499 1028 diacrinomeni,
523 948 557 1024 2)
580 953 613 1010 ut
634 953 693 1010 sint
721 953 845 1010 rationis
867 955 1041 1028 compotes,
1070 945 1107 1023 3)
1131 953 1166 1010 ut
1188 945 1321 1006 habeant

168 1056 367 1130 iniectionem
390 1067 498 1115 munus
521 1055 627 1129 patrini
651 1051 834 1132 suscipiendi
858 1070 893 1114 ac
915 1050 954 1114 ad
976 1049 1049 1113 iilud
1072 1054 1138 1116 sint.
1149 1049 1318 1132 designati,

167 1154 205 1235 4)
228 1158 359 1238 exigitur
380 1158 535 1218 contactus
549 1147 701 1234 physicus,
724 1161 757 1216 ut
780 1171 889 1236 nempe
903 1159 1037 1234 patrinus
1060 1170 1163 1234 perse
1188 1151 1241 1214 vei
1266 1168 1320 1230 per

93 1253 96 1258 ’
168 1263 392 1341 procurantem
409 1259 475 1340 (qui
492 1262 703 1340 cognationem
719 1275 778 1321 non
798 1257 959 1336 contrahit)
976 1275 1133 1338 personam
1155 1257 1319 1338 baptizan-

169 1360 237 1426 dam
259 1364 291 1424 iu
303 1360 448 1440 baptismo
461 1359 588 1424 soiemni
601 1367 703 1422 teneat
724 1361 773 1422 vei
795 1360 966 1428 immediate
989 1380 1005 1425 a
1031 1359 1319 1440 manubaptizantis

168 1464 218 1526 uei
235 1464 364 1534 mediate
387 1481 441 1544 per
463 1480 568 1529 manus
590 1463 759 1528 obstetricis
774 1468 924 1544 suscipiat,
949 1465 983 1538 5)
998 1467 1146 1543 priuatim
1158 1464 1319 1542 baptizans

168 1572 234 1632 sire
256 1568 408 1638 masculus
440 1567 505 1628 sive
536 1566 668 1648 femine,
699 1567 786 1652 hujus
811 1569 1018 1650 impedimenti
1046 1567 1169 1630 vincuio
1198 1567 1318 1626 astrin-

169 1668 306 1754 gitur2),
329 1669 364 1744 6)
387 1674 470 1749 pater
491 1669 542 1732 vel
564 1679 675 1748 mater,
703 1678 831 1756 urgente
855 1675 1047 1755 necessitate,
1076 1675 1127 1734 aut
1149 1673 1240 1732 extre
1264 1685 1318 1726 ca-

169 1791 236 1836 sum
258 1777 444 1841 necessitatis
467 1793 506 1837 ex
525 1774 667 1854 probabili
691 1780 861 1860 ignorantia
884 1781 935 1836 aut
957 1775 1013 1859 elia
1030 1771 1200 1838 rationabiii
1226 1784 1319 1830 causa

167 1875 282 1956 protem
318 1876 483 1955 legitimam
515 1877 700 1960 baptizantes
726 1881 796 1962 jure
834 1879 955 1962 petendi
989 1879 1121 1944 debitum
1150 1871 1317 1954 conjugale

168 1997 230 2044 nen
251 1976 450 2052 excideret-³).
483 1979 734 2060 baptizausuem
750 1983 800 2044 vel
816 1983 930 2054 levans,
956 1987 1046 2044 etiam
1069 1985 1100 2042 in
1119 1979 1316 2048 necessitate,

168 2083 283 2164 protem
305 2100 389 2146 suam
413 2084 602 2163 iiiapitimcm
624 2084 661 2146 ab
683 2083 897 2167 impedimento
913 2086 1102 2170 cognationis
1125 2099 1194 2146 cum
1219 2084 1316 2140 matre

171 2203 233 2249 nou
256 2181 442 2261 eximiturh)

255 2287 303 2350 iit.
327 2287 395 2352 Non
425 2289 609 2352 contrahitur
636 2295 777 2376 cognatio
806 2292 966 2371 spiritualis
992 2289 1023 2366 t)
1046 2295 1127 2352 inter
1146 2289 1312 2368 baptizan-

168 2397 228 2456 tem
251 2399 282 2454 et
302 2410 482 2473 sponsores,
515 2394 549 2470 2)
572 2413 671 2476 neque
700 2400 780 2461 ieter
801 2398 949 2476 petrinam
971 2398 1207 2469 amatunam,
1225 2391 1263 2468 3)
1284 2397 1310 2456 si

166 2498 313 2558 incertum
336 2497 435 2574 fuerit,
458 2503 525 2580 quis
548 2515 587 2560 ex
610 2499 753 2579 pluribus,
776 2502 828 2577 qui
851 2502 1025 2579 tetigerunt,
1048 2497 1139 2558 hierii
1161 2496 1312 2580 designa-

169 2603 235 2680 tus,
270 2618 376 2664 omncs
414 2600 593 2664 contrahunt
626 2605 851 2684 cognationem3
886 2599 923 2672 d)
956 2605 983 2662 si
1018 2617 1096 2662 unus
1133 2600 1312 2683 designatus

70 2771 76 2782 ,
168 2703 270 2782 inerit,
293 2704 477 2784 iicetpiurcs
495 2705 673 2782 levaverint,
697 2703 747 2765 ilie
769 2703 851 2766 selus
867 2701 1041 2788 designatus
1060 2702 1208 2766 contrahit
1232 2723 1313 2787 cog-

146 2810 330 2896 nationem.
376 2807 412 2881 5)
435 2806 540 2888 Neque
562 2805 747 2872 contrahitur
765 2811 905 2886 cognatio
928 2805 965 2870 ab
986 2809 1035 2884 iis,
1059 2811 1109 2886 qui
1134 2807 1235 2869 levant
1258 2812 1312 2868 iu-

168 2905 280 2969 ientem
303 2907 341 2970 ad
364 2913 571 2972 caeremonias
586 2909 778 2989 supplendas,
801 2915 962 2992 nequequi
986 2911 1093 2974 leuant
1109 2913 1141 2970 in
1158 2909 1312 2992 baptismo

167 3013 307 3089 priuatim
346 3012 432 3087 date;
471 3017 703 3076 controvertitur
740 3010 777 3074 de
817 3032 888 3076 casu
924 3013 1064 3094 baptismi
1104 3013 1312 3077 conditionate

168 3109 278 3186 dati5).
300 3147 345 3160 -

169 3253 375 3270 β-ι-η-

104 3357 110 3369 “
194 3348 216 3416 Ι)
234 3347 284 3400 Sed
301 3351 327 3400 ie
346 3349 470 3416 plerisque
488 3349 549 3402 iocis
568 3353 659 3418 patrini
683 3351 708 3400 in
733 3351 923 3404 confirmatione
946 3367 997 3404 non
1020 3351 1128 3419 amptius
1147 3349 1310 3404 adhibentur.

234 3435 275 3486 ο..
307 3465 366 3486 ,..

192 3521 215 3587 ²)
233 3519 258 3572 S.
275 3453 307 3572 'g
324 3519 352 3573 G.
372 3524 396 3574 5.
418 3520 499 3574 hisatii
521 3521 595 3575 tete.

188 3605 212 3674 ³)
230 3604 311 3658 lmme
329 3623 376 3658 nec
394 3607 548 3675 probabitius
567 3607 685 3662 videntur
712 3613 889 3678 cognationem
916 3610 1078 3674 contrahere,
1104 3612 1201 3662 etiarnsi
1219 3627 1252 3662 cx
1270 3613 1311 3662 in-

232 3692 338 3755 dustria,
356 3694 456 3746 seclusa
475 3697 635 3757 necessitate,
654 3695 748 3762 prolem
768 3695 932 3762 baptizarent.
952 3695 991 3746 St.¹
1007 3697 1058 3766 hig.
1078 3713 1102 3748 n.
1124 3698 1183 3749 titt.

190 3775 214 3839 ⁴)
234 3777 285 3830 Lib.
304 3778 345 3832 lV.
363 3779 463 3832 Decret.
483 3782 518 3831 tit
538 3781 579 3832 10.
597 3797 618 3832 c.
638 3783 653 3830 ²
671 3789 696 3832 et
714 3783 738 3834 3.
774 3779 847 3832 Geni.
870 3779 960 3833 Casum
979 3781 1091 3834 XXXVI.
1109 3781 1237 3836 xxxvii.

188 3862 346 3930 ⁵)1nstruct.
371 3874 434 3930 past.
453 3865 557 3932 Eystett.
577 3883 601 3933 p.
620 3867 684 3929 290,
709 3865 781 3930 dicit,
806 3867 1018 3935 praesumendum
1042 3877 1067 3920 et
1091 3883 1214 3939 tanquam
1233 3871 1309 3922 tatius

233 3949 430 4018 supponendam
448 3959 497 4017 esi,
515 3955 691 4022 cognationem
709 3967 765 4006 esse
783 3959 964 4008 contractem·“
