2736 4660
160 159 223 229 336
579 183 660 236 caan·
680 183 886 236 memnonides.

159 339 291 404 Africam
315 343 525 408 adornantem
548 339 712 418 Excussae,
736 347 838 422 postea
855 341 898 404 ad
921 337 1019 406 Gades
1040 349 1224 428 remigrare,
1249 347 1296 408 ubi

160 463 239 507 nunc
262 447 355 530 degit,
380 455 501 510 coactus
524 451 578 508 est.
625 443 793 524 Antequam
816 449 915 506 nutem
927 445 1092 510 Barcinone
1114 447 1297 526 discederet,

157 549 219 610 illic
250 555 280 612 in
314 553 516 628 monastario,
550 546 629 628 quod
663 546 771 608 dicitnr
800 545 869 608 dell‘
893 545 1105 626 Ensennanza‚
1138 553 1298 616 collocavit

159 668 303 731 uxorem,
333 659 381 716 eut
404 671 520 717 summa
542 650 601 712 lide
631 652 731 710 omnia
759 647 795 709 ad
827 654 917 712 vitam
942 657 1108 716 necessaria
1140 653 1297 736 hucusque

158 755 402 820 subministravit.
449 756 537 818 Anno
560 755 737 833 praeterito,
768 750 794 813 b.
818 771 844 814 e.
872 750 954 815 1764
977 755 1083 816 mulier
1104 757 1295 837 supplivavit,

158 864 190 918 ιιι
212 859 268 920 sibi
285 863 424 938 potestas
445 857 533 918 deret
562 853 741 934 suscipiendi
765 853 953 917 claustralem
976 855 1126 937 habitum,
1158 875 1296 920 consen-

158 965 249 1023 tiente
272 961 309 1022 ad
331 961 405 1024 baec
427 964 492 1023 viro
514 965 545 1019 et
568 961 682 1034 omnia,
719 974 797 1038 quae
819 975 894 1037 opus
916 965 1003 1039 sunt,
1034 965 1098 1021 sive
1120 961 1157 1023 ad
1181 961 1295 1040 dotem,

157 1066 279 1128 sive'ad
302 1071 477 1147 perpetuum
501 1068 623 1138 victum,
648 1060 775 1134 libenter
797 1059 894 1122 dante.

241 1167 406 1250 Episcopus
428 1167 657 1228 Barcinonensis
679 1169 812 1247 rogatus,
839 1168 1041 1226 testimouium
1066 1165 1150 1244 lecit,
1182 1170 1295 1229 mulie-

155 1289 218 1334 rem
248 1271 382 1352 prolecto
411 1273 577 1332 vocationis
608 1273 649 1328 tot
678 1273 796 1344 tamque
825 1271 980 1348 perspicua
1011 1275 1187 1352 argumenta
1217 1277 1295 1332 intra

154 1379 280 1457 spatium
306 1377 392 1434 trium
416 1389 560 1434 annorum
585 1371 768 1450 praebuisse,
794 1375 826 1429 nt
848 1370 986 1449 prudenti
1009 1370 1184 1433 dubitationi
1209 1374 1295 1435 loeus

155 1478 232 1540 haud
263 1479 391 1558 relinqui
420 1476 563 1537 videatur.
612 1473 726 1533 interea
751 1471 891 1536 Nicotaus
927 1491 1027 1536 coram
1051 1473 1199 1554 Episcopo
1230 1476 1295 1536 Ga-

155 1581 256 1644 ditano
278 1581 442 1642 solemnem
467 1597 552 1639 snum
576 1591 731 1638 assensum
756 1580 911 1654 praestitit,
937 1595 993 1636 nec
1017 1593 1077 1637 non
1100 1577 1294 1656 probationes

155 1701 195 1744 ex
216 1685 344 1764 plurium
369 1687 489 1743 testium
509 1679 668 1760 judiciaria
692 1675 889 1740 alltrnrationa
911 1679 949 1740 de
972 1685 1035 1740 suis
1047 1679 1179 1742 moribus
1201 1687 1294 1758 atque

153 1791 307 1848 anteactae
330 1787 409 1846 vitae
438 1784 530 1864 probe
552 1787 669 1844 servata
701 1785 817 1843 ratione
839 1780 936 1856 dedit,
970 1799 1044 1862 quas
1070 1801 1177 1846 omnes
1200 1783 1294 1862 Epis·
1366 1771 1367 1786 ¹

152 1906 244 1969 copus
266 1887 307 1949 illi
340 1891 506 1948 transmisit
536 1890 625 1966 atque
647 1885 836 1966 approbavit,
867 1903 934 1945 cum
960 1889 1157 1964 promissione
1187 1891 1291 1948 nobum

152 1997 313 2072 perpetuae
336 1991 479 2052 castitatis
501 1988 674 2062 emittendi,
695 1988 815 2068 quando
839 1988 955 2050 mulieri
982 1994 1014 2050 in
1038 1989 1216 2070 religionem
1240 1993 1294 2048 in-

153 2094 240 2177 gredi
264 2099 441 2174 permissmn
464 2093 563 2153 t'nenit.
609 2091 686 2152 Hinc
716 2095 825 2152 asserit
846 2089 1015 2167 Elisabeth,
1048 2095 1147 2154 omnia
1170 2089 1292 2164 adesse,

153 2215 230 2277 quae
249 2201 457 2276 requiruntur,
482 2202 514 2256 ut
537 2213 614 2256 unus
636 2213 674 2256 ex
697 2193 876 2277 conjugibus
898 2193 1078 2276 religionem
1102 2192 1290 2274 profiteatur,

153 2303 293 2360 manente
316 2300 410 2362 altero
433 2304 464 2360 in
487 2298 608 2361 saeculo
624 2297 737 2358 seilicet
765 2297 799 2372 l)
821 2313 988 2358 consensus
1001 2299 1149 2358 manentis
1170 2302 1204 2360 in
1219 2315 1295 2360 sae-

152 2403 230 2481 culo,
254 2403 291 2478 2)
314 2403 380 2485 ejus
402 2403 506 2465 senilis
528 2408 621 2477 aetas,
643 2398 677 2478 3)
704 2407 734 2462 ιιι
757 2400 920 2479 periculum
943 2403 1178 2462 incontinentiae
1202 2401 1294 2479 desit,

151 2503 187 2579 l)
211 2511 244 2568 ut
265 2509 292 2566 is
315 2511 490 2585 perpetuum
513 2507 716 2565 continentiae
739 2509 842 2566 votam
865 2507 987 2565 emittat.

237 2607 351 2692 Regula
381 2615 444 2685 est,
477 2614 507 2668 ut
535 2607 612 2668 alter
641 2608 803 2690 conjugum
832 2624 893 2668 non
917 2610 1010 2686 possit
1039 2608 1189 2690 regularia
1221 2615 1293 2671 vcta

133 2717 300 2792 ¹emittere,
323 2715 380 2772 nisi
404 2711 478 2772 alter
501 2727 620 2792 quoque
643 2709 737 2772 libere
760 2725 940 2772 consensum
965 2717 1111 2788 praestet,
1136 2715 1166 2772 et
1191 2729 1293 2794 regu-

150 2815 240 2875 larem
264 2819 373 2876 statum
397 2814 485 2875 simul
517 2811 700 2893 profiteatur.
746 2813 827 2874 Duas
856 2817 1051 2893 excaptiones
1081 2813 1211 2876 admittit
1235 2833 1291 2876 re-

150 2917 237 3000 gula;
266 2937 330 2980 aaa
352 2923 408 2994 est,
431 2921 457 2980 st
481 2916 562 2980 laesa
584 2921 624 2978 ita
654 2919 714 2980 sint
738 2917 806 2997 jum
831 2920 1028 2994 matrimonii,
1063 2923 1096 2978 ut
1124 2923 1292 2998 perpetuae

148 3024 327 3100 separationi
351 3021 434 3080 locus
457 3019 563 3097 luerit,
595 3036 703 3098 nempe
726 3018 764 3080 ob
787 3019 962 3081 adulterium
986 3024 1074 3082 unius
1101 3037 1118 3080 e
1141 3023 1292 3106 conjugi-

148 3121 223 3196 bus;
245 3121 364 3202 quando
388 3128 487 3183 autem
506 3123 575 3202 jura
599 3125 777 3184 matrimonii
802 3127 946 3204 perpetuo
969 3121 1048 3185 laesa
1072 3141 1130 3185 non
1155 3127 1232 3204 sint,
1260 3131 1292 3185 et

148 3223 232 3287 locus
256 3223 351 3286 lactus
374 3226 464 3286 fuerit
486 3243 545 3287 non
569 3229 747 3305 perpetuae,
771 3225 824 3287 sed
849 3229 1061 3306 temporariae,
1091 3241 1151 3288 non
1174 3231 1214 3288 ita
1241 3227 1292 3289 la-

148 3327 205 3390 cile
227 3331 405 3412 permissum
436 3331 491 3390 est.
538 3325 647 3390 Altero
677 3346 749 3390 vero
780 3333 918 3409 exceptio
946 3331 1071 3412 regulae
1094 3337 1155 3409 est,
1190 3335 1215 3392 si
1250 3349 1291 3392 ex

148 3431 328 3514 conjugibus
350 3429 418 3506 ille,
448 3435 551 3512 quiin
575 3431 694 3493 saeculo
718 3439 852 3509 maneat,
883 3445 977 3494 senex
1001 3436 1053 3510 sit,
1085 3437 1115 3492 et
1142 3429 1179 3494 ab
1202 3439 1289 3495 amni

149 3535 394 3596 inconttnentiae
415 3535 685 3614 suspicionevacet,
710 3555 744 3597 ac
767 3533 856 3596 simul
872 3539 1016 3598 castitatis
1039 3541 1141 3598 votum
1158 3541 1287 3600 emittat.

231 3633 285 3696 His
307 3639 347 3698 ιιι
370 3639 547 3716 propositis,
571 3638 679 3699 mulier
699 3642 730 3698 in
754 3655 863 3717 causa,
888 3637 924 3700 de
947 3657 1004 3720 qua
1028 3643 1145 3722 agitur,
1169 3644 1202 3700 in
1226 3645 1289 3702 tri-

147 3741 259 3800 cesimo
282 3741 387 3800 aetatis
410 3757 489 3803 anno
511 3745 657 3821 versatur,
682 3743 729 3802 vir
750 3745 781 3802 in
805 3743 1054 3826 quiuquagesimo
1077 3747 1193 3822 quinto.
1216 3741 1288 3807 Ma-

146 3843 228 3899 xime
250 3843 352 3920 itaqne
374 3843 521 3922 inspectio
544 3843 583 3905 de
614 3847 712 3906 aetate
735 3849 791 3907 viri
814 3849 877 3924 est,
906 3863 943 3906 an
967 3862 1021 3927 pro
1043 3845 1098 3908 bac
1121 3863 1154 3908 re
1178 3847 1286 3910 senilis

146 3939 272 4006 dicenda
294 3946 343 4020 sit,
366 3951 585 4028 proptereaque
607 3951 693 4010 vacet
714 3953 745 4011 in
768 3953 921 4030 posterum
943 3951 1124 4030 suspicione.
1162 3947 1285 4036 Physici
