2764 4664
525 209 604 284 casas
624 231 827 284 matrimoniales.
1142 269 1145 274 -
1178 199 1241 284 3⁸15

94 408 295 470 nequaquam
319 407 408 469 posse
432 394 652 474 matrimonium
677 409 743 452 cum
762 367 847 464 Titia,
871 387 1003 454 Helenae
1026 409 1139 469 sorore,
1165 395 1240 454 inire

93 491 219 571 absque
242 491 475 572 dispensatione.
511 491 552 555 lia
576 513 642 554 cum
660 491 769 555 Bonae.
794 491 930 554 demetr.
949 501 1068 590 ,quaest
1087 493 1120 556 2.·
1143 499 1240 574 punct

94 591 127 656 9.
148 607 186 657 u.
212 595 262 656 51.
308 593 399 656 Girib.
424 615 448 659 e.
478 595 523 658 i3.
549 615 576 656 a.
601 591 649 658 32.
695 593 821 656 lacroix
844 597 861 659 l.
887 593 919 684 6.Ι
940 615 966 677 p.
990 595 1019 660 2.
1044 615 1073 658 a.
1097 595 1185 673 52¹).
1222 623 1225 632 ⁴

571 785 690 847 Casus
716 783 774 846 XV.

355 953 548 1014 Dementia
585 953 852 1022 Matrimonium
866 955 991 1014 ratum.
1075 1037 1079 1057 ι

192 1111 304 1174 Nobilis
329 1115 374 1172 rir
396 1112 507 1191 loscpb
530 1111 621 1173 Perea
645 1109 827 1174 deGazrnan
851 1111 1042 1174 Gurdnlcasis
1066 1133 1144 1175 anno
1163 1111 1242 1175 1758

102 1219 261 1296 proposuit
292 1233 390 1276 coram
415 1213 572 1277 orozaano
602 1213 754 1295 querelam
782 1213 924 1276 rnrliItatis
948 1219 1137 1291 matrimonii,
1163 1214 1242 1295 quod

102 1330 176 1397 per'
187 1321 408 1397 procuratorem
441 1317 489 1378 dic
521 1314 569 1379 it.
600 1315 684 1378 Febr.
719 1315 800 1379 1728
832 1317 1035 1379 celebraverat
1065 1335 1131 1378 cum
1154 1317 1240 1378 Anna

101 1419 203 1482 Ponze
234 1419 270 1480 dc
294 1415 495 1502 cannaeque
525 1419 616 1484 nobili
647 1435 761 1503 genere
791 1428 857 1482 nata
881 1423 1009 1482 civitatis
1033 1419 1170 1496 nenne,
1204 1421 1241 1482 ob

102 1523 254 1583 deiectmn
280 1541 443 1585 romenses
458 1541 595 1603 sponsae,
621 1543 709 1604 qaaam
721 1524 889 1584 dementem
916 1532 983 1585 tunc
1006 1523 1100 1584 luisse
1120 1538 1242 1583 assere-

103 1627 162 1688 bat.
187 1625 243 1687 Sed
269 1633 382 1688 mutato
395 1626 519 1688 consitio
537 1645 642 1708 preces
658 1625 766 1688 deiude
789 1626 894 1688 obtulit
907 1627 935 1688 S.
948 1627 976 1690 P.
992 1622 1239 1688 BenedictoXit'.

103 1729 212 1809 quibus
236 1729 397 1808 postulabat
432 1730 685 1811 dispensationem
709 1747 799 1810 super
826 1729 932 1809 eodem
957 1732 1146 1790 matrimonio
1172 1735 1241 1790 tau-

103 1849 191 1910 quam
217 1839 280 1894 rato
303 1840 332 1893 ot
358 1845 416 1896 aron
431 1839 648 1908 consmnmato,
670 1831 789 1912 illisque
813 1835 947 1894 remissis
970 1832 1006 1894 ad
1018 1830 1093 1894 hanc
1117 1849 1139 1893 s
1164 1849 1241 1892 cou-

103 1940 323 2017 gregatiooem,
347 1936 431 1998 datae
455 1936 576 2000 luerunt
600 1937 715 1998 litterae
738 1933 774 1998 ml
791 1935 980 2016 Episcopum,
1006 1943 1036 1996 ut
1059 1940 1240 2015 opportunas

105 2046 227 2118 caperat
249 2039 493 2116 informationes,
523 2042 572 2119 qni
607 2043 764 2119 propterea
788 2038 894 2100 medici
925 2045 954 2098 et
987 2039 1120 2120 chirurgi
1152 2040 1241 2097 testi-

105 2145 205 2202 rnoniu
230 2140 354 2202 edoctus
387 2141 424 2204 de
444 2141 553 2204 'darnae
576 2140 745 2217 dementia,
776 2141 820 2204 illi
852 2123 986 2222 inprimis
1011 2147 1179 2202 curatorem
1202 2137 1239 2200 ad

105 2244 173 2306 lites
195 2245 358 2324 (inputavit,
383 2264 442 2325 quo
466 2249 556 2308 citato
571 2243 690 2306 admissi
709 2243 829 2308 luerunt
852 2245 967 2308 articuli
991 2242 1156 2322 aJosepbo
1179 2261 1240 2329 exf

105 2347 201 2420 bibiti,
227 2353 257 2408 ct
280 2366 369 2428 super
400 2347 457 2408 illis
484 2351 663 2432 interrogati
694 2351 801 2430 viginti
827 2351 935 2423 testes,
967 2352 1016 2426 qui
1040 2344 1235 2422 affirmarunt,

104 2453 205 2530 paucis
229 2448 539 2530 noctibusloscpimm
556 2467 750 2512 ,communem
774 2448 912 2512 lrabuissc
936 2456 1032 2512 torum
1056 2465 1122 2510 curn
1139 2447 1237 2523 Anna,

104 2571 218 2632 suoque
237 2550 353 2632 judicio
378 2560 497 2632 putare,
531 2571 681 2636 nunquam
705 2559 939 2616 consummatum
964 2553 1057 2614 luisse
1082 2552 1236 2612 matrimo-

104 2661 195 2733 arium,
220 2656 257 2717 ob
281 2657 485 2718 reluctantium
505 2657 611 2718 danae
633 2674 672 2717 ex
693 2660 808 2720 insania
833 2633 1052 2737 reputantis'se
1075 2671 1143 2714 esse
1168 2669 1237 2714 mo-

104 2758 220 2820 malem.
324 2758 432 2822 Audita
462 2759 517 2820 init
539 2759 626 2826 Anne
657 2778 733 2840 quae
763 2759 858 2834 latae,
888 2766 917 2822 et
944 2755 1236 2838 inepterespoadit,

102 2861 170 2924 licat
204 2865 347 2942 requisita
376 2862 606 2943 subscripserim
637 2865 867 2944 inspectumque
900 2863 954 2926 luit
988 2863 1066 2924 iltius
1090 2849 1237 2940 corpusa

104 2965 323 3026 tribuscicctis
345 2964 565 3044 obstetricibus,
588 2983 665 3047 quae
689 2966 872 3041 retulerunt,
896 2985 961 3031 caan
986 2983 1052 3026 esse
1074 2967 1237 3040 incorrup-

105 3075 173 3130 tam.
217 3065 253 3128 Et
275 3087 362 3146 suum
386 3069 499 3132 addidit
518 3071 722 3152 juramentum
745 3068 875 3148 loseph,
900 3087 1048 3150 nunquam
1073 3086 1106 3129 se
1130 3069 1237 3129 matri-

104 3177 235 3234 monium
259 3192 327 3234 cum
351 3171 439 3234 Arana
462 3189 698 3236 consummasse.
1282 3166 1286 3173 ¹

186 3292 296 3354 Causas
313 3310 386 3354 vero
410 3294 445 3354 ad
466 3296 586 3372 petitam
604 3293 859 3374 dispensationem
882 3291 1235 3372 impetrandamcmuu-

102 3395 157 3455 lat:
188 3395 368 3458 dementiam
393 3381 507 3457 scilicet
530 3398 635 3460 Annae
659 3403 793 3474 tempore
816 3397 880 3454 initi
905 3396 1084 3456 matrimonii
1108 3412 1125 3456 a
1149 3396 1237 3454 testi-

102 3497 155 3558 bus
177 3497 370 3576 allnmatam,
400 3517 477 3578 quae
508 3503 558 3559 vix
581 3515 634 3576 per
659 3499 798 3560 ancillam
829 3501 968 3578 instigata
999 3513 1119 3556 sensum
1149 3511 1236 3556 suum

102 3599 234 3680 porrecta
258 3619 345 3662 marm
376 3619 477 3664 coram
501 3602 629 3680 parocbo
653 3600 832 3679 explicavit,
865 3603 905 3658 ita
929 3603 960 3658 ut
991 3597 1119 3660 dubitari
1145 3600 1237 3678 possit
1306 3647 1307 3650 ,

101 3704 137 3764 de
169 3707 322 3782 primaevo
352 3705 432 3768 iltius
465 3721 631 3777 consensu;
660 3703 740 3764 iilius
771 3707 972 3764 condonatum
1003 3703 1148 3763 insaniam
1170 3703 1236 3762 sirie

127 3997 146 4063 ¹)
165 3993 246 4052 Cacus
265 4001 402 4053 conscieat.
421 3998 514 4054 bened.
533 3999 597 4053 Xlt'.
617 4017 640 4057 v.
662 4001 684 4053 1.
703 4017 761 4074 pag.
785 4000 839 4057 tte.
