2736 4660
562 203 756 259 Formuiarium.
1168 173 1234 256 109

95 379 128 424 se
156 361 332 426 contrahere
362 365 500 442 cupiunt,
534 364 619 440 quin,
653 365 677 422 si
706 349 925 424 matrimonium
949 379 1010 424 nnn
1041 367 1232 442 sequeretur,

94 468 198 547 gravia
228 463 368 528 scandala
391 481 430 525 ex
452 469 590 543 suspecta
619 466 755 526 interae
782 467 1016 526 conversatione
1039 469 1069 526 et
1100 464 1156 527 alia
1178 469 1232 526 in-

94 567 250 630 commoda
263 571 294 628 in
306 571 424 628 animae
435 565 601 646 periculum
619 572 741 646 possent
752 566 956 628 verisimiliter
967 569 1089 639 exoriri,
1104 561 1231 628 femina·

94 687 154 750 qne
182 667 259 731 dicta
282 675 428 751 perpetuo
459 667 607 731 diffamata
630 674 660 730 et
683 669 784 732 forsan
816 672 939 749 innupta
971 673 1114 730 maneret.
1159 669 1231 730 Cum

93 775 194 832 autem
216 770 274 834 hoc
296 771 476 834 desiderium
500 770 663 851 adimplere
686 787 747 832 non
771 774 884 849 possint
906 771 1018 850 absque
1041 769 1128 832 Sedis
1145 770 1232 852 Apo-

93 874 219 936 stolicae
235 874 469 956 dispensatione,
493 872 554 935 Nos
571 876 744 962 praemissis
767 891 806 934 ex
822 877 920 935 causis
938 877 1069 935 animum
1086 871 1228 936 Nostrum

92 977 290 1038 moventibus
312 982 343 1039 vi
366 976 523 1060 delegatae
544 973 638 1037 Nobis
664 979 819 1055 potestatis
842 974 1033 1056 apostolicae
1056 995 1072 1038 a
1095 975 1233 1040 Sanctis·
1265 1001 1268 1011 ’

94 1083 174 1141 simo
204 1081 334 1142 Domino
358 1079 470 1142 Nostro
498 1077 574 1158 Papa
596 1077 647 1140 Pio
671 1075 717 1140 1Χ.
749 1077 859 1140 die..
886 1125 892 1137 .
917 1129 923 1141 ,
947 1095 1027 1140 anno
1051 1127 1058 1142 .
1084 1129 1090 1142 .
1116 1130 1122 1143 .
1148 1129 1154 1142 .
1178 1097 1233 1160 per

95 1187 272 1262 praesentes
295 1181 332 1244 de
360 1181 440 1244 dicto
468 1180 683 1262 impedimento
704 1185 734 1240 in
759 1180 887 1242 Domino
916 1179 1140 1261 dispensamus,
1159 1181 1232 1245 dis-

95 1289 313 1366 pensatumque
336 1284 532 1362 declaramus,
557 1289 589 1346 ut
607 1287 763 1345 memorati
781 1287 893 1362 sponsi,
916 1283 1108 1346 confessione
1122 1283 1232 1345 Sacra-

96 1386 216 1448 mentali
238 1393 354 1466 peracta
371 1393 401 1448 et
420 1391 476 1448 rite
494 1385 640 1465 dispositi,
664 1384 793 1446 validum
814 1375 1033 1447 matrimonium
1053 1384 1231 1448 contrahere
1259 1383 1266 1394 '

94 1489 226 1568 valeant,
250 1491 416 1552 observatis
439 1485 643 1562 observandis,
670 1487 804 1568 injuncta
829 1495 926 1548 tamen
950 1505 989 1548 ex
1011 1486 1119 1550 Nostra
1144 1495 1231 1566 parte

94 1594 127 1652 in
155 1591 315 1654 salutarem
346 1593 559 1672 poenitentiam
588 1589 789 1671 obligatione,
821 1594 938 1652 tertiam
970 1595 1083 1670 partem
1115 1591 1230 1653 Rosarii

95 1693 196 1757 11111.
221 1693 254 1758 V.
285 1694 414 1777 singulis
442 1690 634 1754 hebdomadis
663 1692 824 1770 recitandi,
859 1699 889 1754 et
919 1696 1040 1773 saepius
1071 1697 1231 1774 quotannis

91 1793 120 1857 S.
146 1796 337 1858 Sacramenta
358 1797 560 1878 poenitentiae
578 1799 608 1854 ei
627 1792 677 1856 SS.
691 1793 895 1859 Eucharistiae
914 1795 1022 1859 devote
1039 1797 1231 1879 suscipiendi,

91 1897 234 1976 quamdiu
254 1903 356 1960 vivent
378 1902 409 1958 in
432 1897 487 1958 hoc
511 1899 709 1959 matrimonio.
735 1895 905 1980 insuperle
929 1916 1096 1975 monemus,
1120 1904 1153 1960 ut
1175 1898 1231 1960 hae

91 1999 213 2062 litterae
240 2004 320 2062 inter
348 2005 412 2063 acta
436 1998 614 2080 itroehiaiia
646 2007 894 2078 praeserventur,
928 2007 1018 2082 atque
1047 2001 1231 2082 dispensatio

92 2119 241 2166 concessa
264 2107 295 2164 in
318 2103 394 2165 libro
416 2105 673 2164 matrimoniorum
699 2109 869 2166 annotetur.

177 2225 362 2309 inquorum
392 2227 480 2290 iidem
502 2232 676 2310 praesentes
704 2227 818 2291 litteras
851 2233 966 2292 exarari
990 2230 1168 2312 Nostraque
1184 2231 1229 2291 si-

86 2330 163 2414 gillo
189 2333 295 2392 muniri
315 2333 471 2414 jussimus.

177 2457 285 2519 Datum
310 2457 344 2521 N.
369 2457 418 2519 die
442 2508 448 2522 .
474 2504 481 2518 ,
504 2463 617 2522 mensis
642 2505 649 2522 .
674 2509 681 2523 .
706 2510 713 2524 .
739 2509 745 2523 .
773 2455 811 2521 Α.
835 2459 870 2521 D.
897 2456 989 2524 1859.

847 2583 883 2648 Ν.
906 2583 942 2648 N.
965 2584 1140 2666 Episcopus.

913 2687 959 2751 Nn
972 2687 1007 2752 N.
1031 2687 1229 2781 Secretarius.

256 2873 284 2937 o)
309 2869 473 2930 Formula
491 2865 761 2946 dispensationis
778 2870 816 2930 in
832 2869 908 2930 foro
926 2869 1074 2930 interno.

72 3087 74 3091 Ι
180 3006 350 3069 Notandum
375 3015 420 3070 est
452 3007 488 3084 l)
510 3007 693 3088 dispensatio
720 3026 774 3090 pro
797 3007 863 3070 foro
893 3011 1013 3070 interno
1045 3011 1170 3072 mittitur
1192 3007 1230 3068 ad

90 3109 217 3174 latorem
240 3115 402 3191 petitionis,
428 3111 484 3174 sub
505 3111 571 3192 ejus
590 3115 710 3172 nomine
732 3115 763 3172 et
779 3114 974 3193 cognomine,
998 3115 1031 3172 ut
1053 3115 1138 3172 cunct
1161 3110 1228 3190 ejus

92 3217 315 3274 executionem.
360 3212 396 3285 2)
420 3212 555 3276 facultas
578 3211 771 3292 dispensandi
802 3229 864 3274 non
886 3214 974 3276 latori
1003 3229 1143 3291 precum,
1174 3211 1229 3274 sed

92 3315 279 3378 confessario
298 3315 460 3394 approbato
474 3315 512 3378 ab
527 3315 697 3386 oratoribus
715 3315 855 3398 eligendo
871 3319 1081 3392 committitur,
1098 3313 1134 3375 ad
1150 3313 1229 3394 quod

91 3423 191 3479 tamen
207 3435 315 3480 munus
337 3422 427 3480 etiam
449 3417 526 3480 latur
546 3421 700 3498 petitionis
716 3423 816 3498 potest
831 3417 868 3479 ah
880 3415 1049 3480 oratoribus
1067 3415 1232 3500 designari.¹

90 3519 168 3582 ilinc
189 3524 345 3601 inscriptio
370 3520 418 3582 tali
442 3519 659 3602 dispensationi
683 3519 819 3583 facienda
841 3524 888 3582 est
910 3519 973 3580 fere
996 3517 1175 3600 hujusmodi.

180 3647 318 3709 Discreto
341 3651 407 3710 viro
431 3647 623 3711 confessario
647 3665 686 3709 ex
708 3647 877 3727 approbatis
906 3647 942 3710 ab
964 3645 1123 3708 Ordinatio
1135 3691 1143 3722 ,
1175 3663 1230 3726 per

92 3747 234 3811 Oratores
258 3749 409 3833 eligendo,
434 3749 470 3812 ad
494 3755 572 3812 intra
595 3754 705 3829 scriptu
728 3750 900 3830 specialiter
921 3749 1071 3830 deputato.
1117 3746 1152 3820 3>
1176 3747 1229 3809 lile
1282 3769 1296 3794 a

93 3849 305 3929 confessarius,
331 3871 419 3934 quem
443 3851 560 3936 eligunt
581 3857 736 3930 oratores,
769 3857 929 3936 accipitet
952 3856 1047 3933 aperit
1069 3852 1230 3934 dispensa-

93 3958 220 4034 tionem,
244 3954 330 4036 qu'us
353 3955 448 4018 forma
471 3959 516 4018 sio
537 3952 640 4018 datur:
