2758 4664
181 252 246 321 214
546 265 584 320 De
601 263 691 320 Gensis
709 259 943 317 matrimonialibus.

181 433 213 492 in
236 432 387 509 posterum
411 441 479 488 esse
501 419 757 502 admittendas;¹)
785 420 1011 504 propterquod
1045 419 1146 502 plures
1172 417 1322 484 Ordinaril

98 593 102 607 ,
182 531 294 594 nullam
316 527 562 610 supplicationem
585 527 817 607 dispensationis
840 525 878 587 de
900 525 957 587 hoc
972 523 1188 605 impedimento
1212 523 1323 588 admit·
1369 599 1370 608 ἵ

183 640 247 696 tere
277 632 493 711 decreverunt,
523 633 580 693 nisi
604 637 724 712 praeter
749 629 815 693 illes
846 646 969 704 causas,
1000 645 1076 712 quae
1106 625 1266 690 sufficiunt
1291 628 1324 689 ad
1369 617 1370 674 Ῠ

183 715 491 819 dispensationem‘in
514 733 648 796 secundo
666 731 762 816 gradu
783 729 947 822 affinitatis,
971 732 1047 793 allae
1069 730 1326 795 extraordinariae

184 839 308 923 allegari
338 841 479 919 possunt,
511 855 540 899 v.
571 857 600 921 g.
629 833 793 918 perieulum
824 837 950 900 euidens
977 839 1181 917 perversionis
1211 853 1230 896 a
1261 833 1324 912 lide,

183 944 360 1025 praesertim
400 939 470 1002 dum
500 943 636 1004 oratores
668 943 700 1001 in
729 939 904 1024 regionibus
935 937 1106 1001 acatholicis
1129 937 1180 1000 vel
1209 941 1326 998 mixtim

185 1063 254 1108 cum
277 1041 448 1108 acatholicis
465 1047 694 1122 commorantur,
720 1042 768 1104 vel
787 1042 950 1124 periculum
966 1045 1047 1104 vitae
1069 1045 1121 1104 aut
1142 1045 1267 1120 mortis,
1291 1045 1327 1102 ita

185 1147 316 1232 quidem,
341 1151 374 1210 ut
395 1145 560 1228 perieulum
585 1161 645 1208 non
667 1144 704 1208 ab
726 1149 798 1226 ipsis
821 1145 1007 1223 oratoribus,
1038 1144 1111 1224 sed,
1135 1148 1193 1206 nisi
1219 1147 1328 1205 matri-

185 1256 318 1316 monium
341 1249 548 1330 subsequatur,
572 1267 590 1311 a
613 1251 751 1333 cognatis
765 1252 854 1312 unius
867 1247 1029 1312 alteriusve
1051 1252 1143 1328 partis
1166 1265 1240 1309 cnm
1259 1266 1329 1308 eeu

185 1355 315 1419 titudine
338 1347 522 1428 timeatur.²)

273 1456 308 1521 ll.
334 1453 365 1518 ln
387 1454 602 1536 impedimento
626 1450 754 1518 Ordinis
776 1456 864 1518 socri
885 1459 915 1518 et
941 1453 1011 1518 Voti
1030 1455 1176 1518 solemnis
1200 1453 1330 1518 adron·

184 1559 365 1627 trahendum
399 1561 621 1621 matrimonium
653 1558 835 1642 dispensatio
862 1557 1045 1622 aPontlliee
1075 1557 1137 1622 dari
1161 1577 1227 1622 non
1251 1557 1330 1620 solet

188 1671 257 1728 sine
279 1679 369 1726 causa
392 1661 527 1725 utilitatis
551 1658 727 1742 publteee.³)
752 1661 846 1725 Causa
868 1661 1038 1744 hujusmodi
1052 1661 1158 1724 adesse
1173 1665 1329 1738 censetur,

189 1771 214 1831 si
248 1768 468 1828 matrimonium
495 1763 666 1846 hujusmodi
697 1763 911 1848 impediiuento
940 1761 1024 1848 ligati
1054 1767 1265 1828 necessarium
1295 1767 1332 1825 slt

190 1867 224 1946 1)
249 1884 302 1950 pro
325 1871 553 1930 conservatione
575 1867 701 1952 alicujus
723 1873 831 1954 regni,
861 1873 930 1952 quia
964 1868 1078 1931 scilicet
1108 1867 1331 1949 dispensandus

189 1977 237 2036 est
259 1975 366 2034 unicus
388 1971 469 2033 iliius
491 1967 617 2052 haeres,
648 1973 681 2046 2]
710 1991 764 2056 pro
794 1977 994 2036 conversione
1014 1975 1101 2056 regni
1125 1977 1178 2032 aut
1200 1975 1330 2051 provin·

188 2079 270 2156 otae,
302 2073 352 2136 vel
385 2080 616 2138 conservatione
638 2075 718 2139 illius
740 2081 770 2138 in
794 2073 870 2155 lide,
905 2071 943 2154 3)
965 2093 1020 2158 pro
1048 2074 1262 2157 extinguendo
1285 2074 1331 2135 vel

191 2177 356 2242 avertendo
378 2183 462 2261 gravi
487 2177 575 2258 bello,
600 2196 654 2242 seu
676 2195 731 2262 pro
751 2179 943 2260 acquirenda,
966 2177 1239 2241 velconservanda
1258 2196 1330 2261 pace

191 2285 278 2366 regni
296 2277 345 2344 vei
365 2284 547 2363 provinciae,
571 2281 609 2356 4)
629 2299 683 2364 pro
699 2285 928 2345 conservatione
946 2282 1075 2344 familiae
1097 2280 1187 2343 valde
1208 2279 1328 2358 nobilis,

190 2403 230 2449 ne
247 2385 360 2468 absque
382 2385 511 2447 haerede
529 2381 688 2458 ueterani)
721 2383 790 2448 Post
818 2388 1039 2450 matrimonium
1065 2387 1255 2447 contractum
1278 2401 1331 2465 pro

219 2657 241 2724 ¹)
259 2657 358 2724 linopp.
377 2674 403 2723 p.
421 2655 479 2708 228.
503 2654 636 2726 llariuger.
655 2675 680 2726 p.
698 2657 757 2711 257.
775 2653 853 2722 Stapi.
872 2655 932 2708 349.

215 2746 238 2812 ²)
257 2743 328 2810 Stapl'
345 2743 360 2795 l.
379 2759 401 2796 r.
420 2739 535 2794 Ordinar.
556 2742 664 2808 Murrum.
685 2743 791 2794 Litterae
810 2739 902 2794 Circul.
922 2742 963 2793 22.
979 2739 1114 2794 Novembr.
1136 2740 1213 2794 1839.
1234 2742 1332 2796 Nobilis

258 2828 457 2884 Cameracensis.
473 2839 560 2896 petens
584 2828 723 2898 dispensari
747 2829 778 2880 ad
804 2830 987 2880 urrartrluronium
1014 2843 1071 2877 cum
1096 2841 1184 2880 sorore
1210 2845 1333 2899 germana

259 2931 343 2968 uxoris
362 2931 423 2966 sivae
438 2910 582 2977 del'uuetne,
601 2915 728 2966 auldueens
748 2915 864 2983 copulam
879 2912 1005 2966 carnalem
1024 2921 1048 2964 et
1059 2913 1154 2981 prolem
1174 2931 1206 2966 ex
1226 2927 1258 2967 ea
1278 2931 1333 2966 sus·

258 3009 371 3070 ceptam,
398 3001 539 3068 periculum
563 3002 747 3053 inimicitiarum
773 3003 837 3053 inter
861 3001 1064 3068 consanguineos
1087 3003 1222 3072 utriusque
1249 3005 1334 3070 partis,

258 3088 396 3140 laesionem
415 3087 604 3138 existlnuuioois
623 3090 699 3156 ipsius
719 3087 835 3150 lerniuue,
855 3086 1003 3155 periculum,
1021 3103 1054 3138 ne
1073 3090 1126 3153 ipsa
1146 3089 1179 3138 ad
1192 3088 1334 3139 haereticos

261 3173 409 3230 diverteret,
436 3170 614 3242 haereticoque
639 3173 751 3225 nuberet.
787 3170 843 3236 Quo
866 3189 941 3234 casu,
968 3175 987 3224 si
1012 3173 1089 3224 irater
1112 3175 1191 3241 ipsius
1216 3175 1243 3225 in
1270 3175 1335 3226 bello

260 3267 348 3312 eoritra
366 3273 451 3326 regem
471 3257 565 3310 llaniae
582 3258 688 3324 obierit,
704 3258 805 3311 diversa
824 3257 897 3312 leuda
917 3259 947 3310 ad
968 3257 1106 3310 haereticos
1125 3258 1334 3312 devolverentur.

259 3345 305 3400 tiis
329 3341 445 3397 omnibus
469 3359 554 3396 eoram
579 3343 674 3396 Neritio
698 3345 815 3397 l'oloniae
839 3339 966 3411 probatis,
993 3343 1168 3396 sanctissimus
1193 3347 1335 3410 mandavit,

260 3433 379 3486 committi
398 3434 487 3484 nuntio
506 3427 642 3491 Coloniae,
673 3434 717 3500 qui
741 3449 798 3484 crim
818 3430 964 3483 Oratoribus
988 3431 1130 3498 dispenset,
1152 3439 1182 3482 ut
1199 3436 1336 3486 matrimo-

259 3521 331 3572 nium
351 3520 416 3570 inter
433 3534 461 3570 se
479 3517 629 3570 contrahere
648 3526 756 3585 possent,
777 3533 826 3569 non
845 3503 962 3570 obstante
979 3517 1160 3584 impedimento
1178 3519 1255 3584 primi
1275 3537 1335 3589 qra-

262 3605 310 3658 dus
329 3603 467 3666 affinitatis,
487 3604 636 3675 prolemque
651 3613 792 3672 susceptam
812 3611 836 3656 et
848 3603 1034 3671 suscipiendam
1054 3603 1191 3674 legitimam
1210 3603 1336 3669 declaret,

261 3691 439 3761 mandavitque
458 3689 569 3756 exquediri
590 3689 678 3750 lirevc,
697 3693 721 3742 iu
741 3707 790 3760 quo
809 3689 890 3743 dietae
908 3705 1001 3743 causae
1020 3693 1193 3760 exprimantur
1211 3693 1256 3744 20.
1267 3690 1336 3744 Junii

264 3777 339 3830 1628.
374 3775 471 3845 Pignat.
490 3784 549 3828 tour.
567 3776 592 3826 ti.
610 3791 680 3828 eous.
703 3779 759 3830 ltili.

218 3861 247 3930 ³)
266 3861 378 3916 Sanehen
395 3861 439 3916 hb.
453 3863 478 3916 8.
497 3881 521 3916 u.
542 3863 557 3914 2
577 3871 601 3914 ei
619 3863 643 3914 8.
660 3861 763 3915 Corrarl.
781 3858 825 3916 lib.
844 3863 869 3916 8.
889 3879 910 3915 e.
931 3861 971 3916 10.
990 3879 1015 3916 n.
1034 3863 1077 3916 29.

222 3951 247 4020 ⁴)
265 3945 436 4004 lleiheustuel,
454 3949 606 4020 Sebvualzgr.
626 3949 739 4019 liagnuni
759 3951 872 4002 reierunt
886 3966 980 4018 paucos
991 3965 1075 4011 casus,
1094 3947 1223 4019 inquibus
1239 3947 1336 4002 Summi

263 4031 397 4088 Pontifices
420 4039 497 4088 eriam
522 4051 579 4088 eum
599 4039 727 4106 episcopis
745 4035 908 4105 dispensasse
927 4036 1058 4101 dicuntur;
1085 4034 1131 4088 sed
1150 4050 1241 4088 omnes
1261 4034 1336 4089 valde
