2758 4664
167 161 236 230 Μ
277 235 282 240 ,
544 181 584 236 tt·
599 181 692 238 &aaa
708 183 957 260 annuntiatus,

167 339 328 420 affintntta,
354 339 489 421 publicae
504 339 667 405 honestatis
689 347 720 404 et
737 347 929 426 cognationis
952 344 1125 424 spiritualis,
1148 346 1304 426 mutia

168 443 206 504 de
228 445 354 528 singulis
376 448 531 526 speciatim
555 451 625 507 sunt
646 447 924 524 animadvertenda,
949 447 1089 508 videlicet

202 543 236 620 i)
258 546 292 608 lu
313 548 531 628 supplicatione
553 533 789 631 dispensationis
807 550 844 612 de
867 554 1128 633 consanguinium

252 654 286 726 a)
318 650 430 734 gradus
452 657 483 712 et
505 652 583 713 linea
607 656 875 734 consanguinitatis
889 652 932 731 ¹),
962 653 1062 714 addito
1084 656 1305 733 consanguini-

318 758 388 816 tatis
411 753 574 826 schemate‚
599 754 685 830 (vide
708 759 815 835 supra)
837 761 972 835 praecise
993 760 1188 836 exprimatur.

253 856 288 932 b)
320 856 349 921 Si
373 862 618 941 consanguinitas
639 857 800 938 multiplea
822 862 872 936 sit,
895 856 952 920 hoc
975 859 1136 920 notandum
1161 863 1219 935 est,
1245 864 1305 919 sci-

246 1021 248 1025 ,
316 961 387 1025 licet
409 965 434 1022 si
457 979 496 1022 ex
518 967 602 1042 patre
622 964 655 1022 in
678 960 829 1039 secundo,
861 979 900 1022 ex
923 967 1016 1025 matre
1030 967 1069 1022 ¹in
1094 965 1183 1024 tertio
1208 959 1302 1043 gradu

316 1069 453 1129 oratores
475 1067 603 1125 invicem
624 1063 719 1143 juncti
743 1069 812 1126 sint.

252 1173 284 1240 c)
319 1167 351 1228 ln
382 1167 479 1250 gradu
509 1172 620 1241 mixto,
648 1171 737 1228 etiam
765 1173 962 1250 propinquior
990 1168 1129 1230 distantia
1159 1169 1300 1249 explicari

318 1270 416 1346 debet,
441 1275 466 1332 si
489 1274 633 1332 remotior
655 1273 781 1351 primum
826 1271 950 1354 gradum
974 1275 1104 1354 attingit,
1127 1272 1184 1332 sub
1208 1289 1302 1352 poena

316 1374 477 1436 nullitatis:
501 1392 590 1435 secus
608 1391 684 1435 nova
708 1372 828 1454 quidem
845 1374 1026 1455 dispensatio
1047 1365 1110 1436 non
1126 1379 1302 1454 requiritur,

314 1485 348 1540 ut
369 1476 466 1538 uaria
484 1481 703 1540 matrimonium
721 1482 849 1552 ineatur,
872 1477 925 1538 sed
948 1482 980 1537 ut
998 1477 1078 1538 licite
1095 1475 1301 1556 contrahatur,

286 1593 291 1600 “
316 1583 438 1643 literne
459 1580 687 1642 declaratoricc
709 1599 725 1640 a
749 1581 868 1642 [talaria
891 1579 1037 1662 petendae
1060 1585 1137 1642 suat.

252 1687 287 1760 d)
317 1684 385 1747 Non
407 1682 537 1758 suflicit,
570 1699 722 1763 expauere
746 1701 901 1761 numeros,
935 1682 989 1744 sed
1012 1686 1089 1744 ratio
1112 1687 1304 1764 cognationis

315 1785 486 1869 specialiter
511 1788 639 1866 exprimi
662 1779 773 1860 debct3'
797 1803 825 1847 v.
849 1805 879 1868 g.
903 1789 971 1865 quia
995 1785 1148 1864 conjuncti
1178 1790 1252 1846 *sunt
1273 1790 1303 1846 iu

292 1892 411 1969 >primo
440 1893 470 1948 et
504 1891 593 1950 tertio
622 1893 893 1971 consanguinitatis
916 1887 1057 1970 gradibus
1087 1903 1127 1950 ex
1151 1894 1303 1950 communi

317 1994 433 2070 stipite,
475 1990 586 2052 exinde
617 1991 698 2070 quod
735 1997 837 2054 orator
866 1995 905 2052 sit
935 1996 1056 2069 patruus
1092 2007 1223 2072 maguus
1253 2009 1304 2051 seu

316 2094 481 2156 avunculus
504 2112 632 2176 magnus
655 2097 792 2156 oratricis
822 2095 870 2156 vel
901 2093 980 2173 quod
1004 2097 1117 2155 oratrix
1152 2097 1193 2154 sit
1217 2099 1303 2154 arntta

316 2215 370 2262 seu
408 2203 567 2258 matertera
601 2215 707 2279 magua
731 2202 867 2258 oratoris.

186 2303 223 2379 i)
251 2301 281 2366 Si
305 2304 404 2384 agitur
426 2299 464 2361 de
486 2299 701 2378 impedimento
724 2297 876 2362 altiuitatis
901 2302 996 2360 notari
1020 2297 1109 2358 debet

250 2411 282 2480 a)
313 2403 425 2487 gradus
448 2405 478 2464 et
501 2402 592 2480 linea,
615 2419 686 2464 num
709 2408 807 2479 recta,
831 2402 880 2464 vel
904 2408 1074 2476 transuere,
1097 2399 1247 2479 aequatis,
1270 2417 1306 2460 uu

314 2504 489 2586 inaequalis,
514 2523 551 2568 aa
574 2509 703 2587 tangens
727 2509 853 2583 primunr
876 2503 1020 2587 gradum3
1105 2548 1110 2552 -

251 2611 286 2685 b)
315 2625 389 2672 num
409 2612 448 2670 sit
470 2606 600 2672 allinitas
622 2608 750 2687 simplex
773 2608 821 2670 vel
843 2607 998 2686 multiplex
1021 2625 1048 2668 v.
1073 2626 1102 2687 g.
1126 2609 1153 2667 at
1177 2621 1305 2685 sponsus

316 2710 453 2792 copulam
476 2709 612 2773 habuerit
635 2729 702 2772 cum
726 2708 841 2774 duabus
864 2711 1018 2774 sororibus
1041 2725 1199 2794 sponsae,¹

262 2820 297 2890 c)
318 2833 357 2878 an
379 2813 508 2878 allinitas
532 2816 707 2893 provenerit
729 2830 769 2874 ex
782 2812 888 2892 copula
902 2813 981 2874 licita
1000 2830 1038 2876 an
1061 2811 1176 2891 illicita,
1199 2813 1304 2876 saltem

316 2922 348 2980 in
371 2919 467 2998 primo
490 2921 525 3001 et„
542 2913 676 2980 secundo
699 2913 803 2998 gradu.

188 3017 226 3096 ³)
253 3017 287 3082 ln
309 3018 487 3098 exponendo
509 3013 757 3098 impedimentum
785 3021 976 3102 cognationis
1008 3019 1172 3098 spiritualis
1194 3035 1305 3086 ¹ueces-

249 3125 331 3186 nrlo
356 3119 585 3201 exprimendum
609 3121 656 3183 est

250 3227 283 3304 a)
316 3241 354 3288 an
387 3242 422 3286 ea
451 3228 490 3286 sit
521 3227 684 3304 paternitas
718 3227 812 3302 (inter
841 3225 989 3292 levantem
1028 3228 1061 3288 et
1077 3221 1240 3300 clevatum)
1271 3242 1307 3287 an

316 3331 548 3406 compaternitas
571 3330 664 3402 linter
685 3328 841 3394 levantem
856 3327 1008 3408 levetque
1030 3329 1199 3413 parentes),

252 3430 284 3505 b)
317 3432 406 3494 ausit
422 3427 542 3510 duplex,
566 3443 674 3508 necne,
696 3447 724 3494 v.
741 3450 771 3514 g.
795 3433 823 3498 sl
844 3433 911 3511 quis
934 3429 1061 3518 alicujus
1084 3431 1203 3512 protero
1219 3447 1307 3494 unam

169 3623 374 3635 ιιι-..ψ

194 3748 216 3814 ¹)
235 3747 337 3801 Phrasiu
356 3749 420 3816 stylo
433 3747 523 3804 Curiae
537 3755 662 3822 propriam
681 3751 833 3818 annitendo,
851 3770 900 3824 qun
914 3755 1097 3833 consanguinei
1116 3756 1142 3806 in
1162 3769 1211 3808 suo
1228 3755 1307 3826 gradu

237 3832 353 3885 dicuntur
370 3838 479 3887 laniem
498 3841 636 3903 conjucti,
656 3836 744 3894 eliaca
762 3855 822 3894 vero
840 3857 869 3894 aa
886 3843 996 3895 invicem
1014 3842 1131 3893 attinere.
1160 3837 1223 3893 lest
1244 3849 1306 3912 part.

121 3937 128 3948 ·
237 3915 307 3988 Eprl.
326 3917 342 3971 1.
361 3933 383 3972 c.
