2736 4660
481 222 559 282 &tuo
578 222 781 281 matrimoniales.

531 469 645 534 Casus
668 469 740 534 Llll.

150 600 373 678 Dispensauo
389 601 574 678 impetrata
592 601 636 660 ato
653 615 726 662 una
743 561 854 676 parte,
871 601 984 663 altera
1000 601 1119 665 inscia.

155 763 296 846 Cogitans
320 761 458 823 Tiberius
485 759 521 821 de
546 761 735 823 matrimonio
757 759 960 824 contrahendo
990 779 1057 823 cum
1080 757 1203 822 Metilde

63 870 301 948 consanguinea,
327 871 485 945 antequam
510 865 574 944 ejus
598 863 904 950 mentem‘exploret,
929 868 993 944 ipsa
1016 867 1121 938 inscia,
1145 863 1203 925 ob·

63 971 144 1028 tinet
166 968 428 1050 dispensationem.
476 966 650 1046 Quaeritur,
681 985 735 1041 an,
765 971 788 1029 si
812 971 923 1029 annuat
945 967 1011 1050 ejus
1033 971 1111 1030 votis
1134 965 1203 1029 Me-

65 1071 174 1149 tiides,
198 1069 273 1132 haec
296 1071 477 1151 dispensatio
501 1075 594 1151 prosit
617 1075 744 1150 utrique.
789 1118 791 1122 ,
915 1053 923 1066 ⁵

154 1173 242 1254 Resp.
267 1164 383 1258 agitare
405 1177 611 1254 quaestionem
643 1172 719 1234 hanc
742 1171 874 1234 Sanchez
902 1172 951 1234 lib.
971 1171 991 1236 8
1015 1172 1089 1252 disp.
1109 1169 1150 1236 26
1174 1179 1203 1234 et

68 1277 100 1340 F.
126 1277 252 1338 Dienum
278 1273 389 1357 part.8
411 1273 468 1337 t.3
491 1293 549 1338 reS.
567 1271 607 1338 87
637 1281 725 1353 etque
754 1275 940 1360 distinguere
966 1279 1046 1336 inter
1072 1275 1204 1356 impedi-

67 1386 213 1457 mentum,
231 1381 310 1458 quod
326 1379 417 1440 afficit
432 1384 590 1456 utrumque
605 1375 840 1456 contrahentem,
862 1377 1028 1458 eujusmodi
1044 1385 1089 1441 est
1101 1378 1204 1440 allini-

68 1491 114 1544 tas
144 1489 200 1544 aut
223 1487 467 1565 consanguinitas
495 1487 558 1549 (aut
582 1485 693 1542 crimen
704 1480 737 1556 i)
768 1486 798 1540 et
825 1481 1087 1560 impedimentum,
1121 1481 1201 1563 quod

68 1585 163 1647 allicit
193 1605 283 1646 unurn
313 1591 444 1663 tanturn,
477 1585 527 1644 vel
556 1588 733 1663 utrumque,
763 1583 816 1644 sed
845 1585 900 1645 sub
928 1589 1043 1646 ratione
1074 1585 1202 1664 diversa,

68 1688 236 1768 cujusmodi
260 1693 305 1747 est
328 1693 429 1749 votum
459 1688 495 1749 ab
518 1705 578 1750 unu
601 1693 715 1749 tantum
738 1691 898 1765 emissum,
929 1687 978 1748 vel
1007 1688 1043 1749 ab
1067 1693 1203 1768 utruque.

68 1791 167 1852 Posita
186 1797 282 1851 autem
302 1790 355 1850 irae
373 1790 575 1870 distinetione,
602 1793 773 1852 existimant
796 1793 826 1850 in
846 1789 1058 1870 impedimento
1083 1796 1202 1852 utrum-

68 1913 128 1974 que
160 1898 330 1955 necessario
361 1891 530 1972 at'srciente,
564 1899 595 1954 ut
627 1897 673 1954 est
703 1897 966 1976 consanguinitas,
1003 1913 1079 1974 quae
1111 1905 1203 1956 unum

68 1997 167 2058 solum
197 1995 317 2057 allicere
348 2002 466 2076 nequit,
500 2001 571 2058 satis
600 2015 667 2058 esse
695 1995 947 2076 dispensationem
978 1997 1013 2058 ab
1044 2015 1102 2058 uno
1133 2003 1203 2058 tan-

70 2107 131 2160 tum
156 2097 300 2176 obtineri,
330 2103 418 2178 atque
441 2103 608 2180 acceptari,
640 2105 671 2158 ut
693 2103 786 2178 prusti
808 2099 893 2161 alteri
923 2103 1012 2160 ctiam
1042 2103 1201 2182 ignoranti.

70 2201 260 2283 Dispensatiu
283 2205 361 2262 enirn
386 2201 557 2262 extenditur
580 2200 615 2262 ad
634 2203 812 2262 necessario
829 2221 979 2262 cennaco.
1016 2201 1204 2282 Dispensatic

69 2309 170 2366 autem
196 2309 283 2366 unius
312 2303 348 2366 ad
372 2302 605 2367 contrahendum
634 2322 700 2365 cum
729 2303 839 2366 femina
870 2309 917 2364 est
939 2323 1056 2366 annexa
1080 2303 1206 2384 dispen-

69 2413 179 2470 sationi
209 2408 336 2468 iemiuae
365 2408 402 2469 ad
432 2405 666 2468 contrahendum
697 2425 764 2467 curn
794 2423 852 2480 eo;
882 2411 912 2466 et
942 2421 979 2466 eo
1009 2411 1091 2486 ipso,
1125 2405 1204 2486 quod

69 2512 207 2571 atterere
231 2511 275 2570 iris
305 2529 387 2572 suam
412 2511 666 2590 dispensationem
690 2514 838 2590 acceptat,
869 2507 902 2572 fit
929 2507 1034 2570 habilis
1061 2509 1098 2571 ad
1128 2528 1206 2573 con-

70 2613 246 2676 trahendum
270 2632 336 2674 cum
357 2613 467 2690 attero,
492 2613 572 2694 quod
597 2614 660 2674 lieri
685 2617 787 2693 nequit
812 2617 866 2675 nisi
887 2618 1013 2692 uterque
1031 2610 1137 2674 habilis
1156 2615 1203 2675 sit.

71 2717 201 2796 idipsum
223 2721 333 2777 evincit
350 2717 456 2800 regula
462 2719 474 2795 ,'
496 2736 572 2797 quae
590 2720 788 2779 communiter
803 2715 944 2794 traditur,
967 2713 1084 2794 quando
1100 2719 1205 2776 matri-

70 2825 202 2881 monium
221 2821 275 2882 luit
291 2825 421 2896 irritum,
433 2819 480 2880 ‘ob
494 2819 738 2900 impedimentum
755 2822 940 2901 ignoratum,
960 2837 1048 2904 posse
1066 2823 1205 2880 nimirum

71 2926 231 3006 conjugem
251 2921 455 3002 impedimenti
475 2928 646 3000 conscium,
669 2925 825 3002 impetrata
844 2921 924 2982 iliius
946 2923 1062 2984 occulta
1080 2922 1206 3002 dispen-

71 3031 204 3103 satione,
237 3046 291 3087 nec
313 3027 399 3087 alteri
422 3023 470 3086 illa
495 3027 657 3107 explicata,
689 3042 746 3086 nec
767 3024 1001 3104 impedimento,
1033 3023 1207 3114 simulanter

71 3129 332 3212 peterecjusdem
357 3145 544 3191 consensum.
934 3127 937 3132 '
1027 3139 1029 3146 “

131 3307 133 3310 ¹
159 3235 283 3295 Diversa
307 3215 406 3294 autern
431 3239 476 3294 cst
500 3235 591 3308 ratio,
626 3251 694 3293 cum
723 3229 968 3311 impedimentum
996 3231 1089 3292 afficit
1115 3248 1205 3291 unum

73 3339 186 3399 tanturn
220 3337 267 3396 vel
301 3343 460 3416 utrumque
494 3333 548 3398 sub
582 3335 701 3397 diversa
734 3337 859 3396 ratione.
915 3332 989 3398 Nam
1023 3333 1205 3412 dispensatio

72 3439 167 3502 tendit
185 3439 298 3500 directe
315 3443 345 3500 in
365 3457 451 3518 eurn,
476 3443 525 3520 qui
545 3438 674 3502 allicitur
693 3437 923 3518 impedimento,
948 3440 978 3497 et
1000 3455 1067 3497 curn
1091 3439 1207 3496 utrius-

71 3561 130 3624 que
160 3543 406 3630 impedimentum
436 3527 577 3622 procedat
608 3562 645 3603 ex
675 3541 795 3603 diverso
826 3543 990 3618 principio,
1025 3538 1207 3618 dispensatio

70 3651 230 3726 impetrata
263 3651 313 3706 uni
347 3663 400 3726 per
431 3630 904 3722 neeessariam}consequentiam
938 3660 998 3704 non
1031 3641 1208 3723 intelligitur

71 3819 278 3830 m..

141 3909 330 3964 dissolutionem
354 3892 505 3963 matrimonii
532 3911 694 3976 importaret,
722 3909 785 3960 viam
811 3908 921 3973 aperiret
944 3904 975 3957 ad
994 3905 1079 3972 plures
1097 3913 1122 3956 et
1147 3904 1209 3958 alias

141 3985 227 4068 plures
246 4000 461 4050 matrimoniorum
484 3994 673 4060 dissolutiones,
696 3994 737 4047 vel
754 3993 841 4071 saltem
861 3992 916 4044 lites
939 4007 1013 4060 super
1038 3991 1209 4046 dissolutione.

121 4107 156 4150 Dc
169 4102 319 4146 motmmonio.
538 4139 541 4144 .
1005 4078 1046 4152 25
