2746 4646
311 251 350 304 os
364 249 547 320 teman
565 253 750 307 nnmerum
768 251 951 310 armon..
1137 235 1202 306 ito

55 409 284 472 matrimonium
306 413 395 470 eiiam
418 415 514 472 ratum
542 410 660 491 otiaque
686 409 843 500 consensa
870 413 1013 494 cerdonis
1034 411 1200 493 ordinatur,

54 513 238 595 irregularis
266 511 409 589 efficitur,
441 516 567 594 talisque
595 519 711 594 manet,
742 518 833 576 etiarn
864 516 965 580 soluto
992 533 1047 598 per
1074 523 1201 579 morien

54 620 166 677 uxoris
189 620 389 696 matrimonio,
412 621 469 680 nisi
493 615 559 678 talis
582 617 912 700 religionemaliquam
935 621 1123 701 approbatam
1146 625 1200 682 in-

53 735 186 800 gressus
217 718 309 780 luerit
342 725 372 780 et
403 718 622 800 professionem
656 699 777 784 tacitam
806 721 854 782 vai
887 739 1062 802 expressam
1088 722 1201 787 ibidem

53 822 184 898 iecerit3
205 839 273 884 cnm
295 828 393 884 autem
415 821 491 886 ordo
526 823 624 885 taliter
654 829 811 904 susceptus
838 829 959 888 omnlino
981 826 1097 904 vaide,
1129 826 1200 888 licet

51 925 171 1002 illicite,
196 930 236 987 sii
256 932 424 1005 susceptus,
447 924 617 1006 hujusmodi
640 926 799 988 ominatos
818 926 855 988 ad
877 926 1100 992 otsemantiam
1121 945 1202 990 ooo*

52 1032 207 1090 tinentiae
229 1027 387 1111 obligatur,
418 1033 450 1090 in
473 1035 616 1109 quantum
639 1028 704 1092 fleri
733 1035 833 1108 potest
855 1034 921 1092 nno
941 1033 1105 1096 uiolatione
1123 1031 1201 1112 juris

50 1128 180 1193 alterius
203 1135 301 1210 partis.
346 1132 424 1194 ilinc
450 1149 510 1194 non
543 1136 641 1211 potest
669 1137 773 1212 peiere
801 1130 952 1208 delatura,
983 1133 1072 1196 debet
1099 1138 1200 1196 aum

50 1233 194 1311 reddere,
218 1237 277 1296 nisi
300 1233 378 1298 torte
399 1234 490 1296 altera
513 1251 582 1315 pars
599 1234 650 1315 jus
669 1233 788 1314 petendi
812 1234 946 1298 debiturn
967 1241 1198 1312 amiseritsso*

49 1335 116 1400 luto
140 1353 198 1418 per
219 1343 344 1399 mortem
368 1339 506 1421 conjugis
529 1343 719 1401 matrimonio
750 1337 786 1400 ad
816 1338 873 1403 ata
893 1343 966 1401 vota
989 1345 1116 1402 transire
1137 1357 1199 1402 non

50 1441 134 1505 licet.
181 1441 217 1514 t)
240 1439 274 1500 ln
296 1457 367 1503 casu
390 1441 511 1502 divortii
533 1459 573 1502 ex
595 1445 743 1504 sententia
763 1439 893 1522 judicis,
915 1441 964 1502 rel
987 1459 1026 1504 cn
1040 1441 1198 1505 adulteria

49 1545 175 1625 publico
195 1549 228 1604 ct
250 1548 369 1609 notorio
398 1548 466 1606 sine
487 1549 636 1607 senteniia
666 1545 753 1623 iacti,
784 1545 895 1626 conjux
923 1549 1070 1608 innocens
1099 1550 1199 1626 potest

47 1665 70 1710 s.
96 1647 231 1710 Ordines
254 1651 408 1728 suscipere
415 1666 425 1722 ;
455 1651 480 1708 si
504 1656 603 1710 autem
633 1647 793 1712 divortium
817 1647 926 1709 iactura
956 1652 996 1710 sit
1024 1665 1063 1710 ex
1085 1646 1195 1710 delicto

46 1754 118 1828 viri,
142 1749 187 1812 illi
219 1757 321 1831 postea
345 1750 520 1828 emendato,
546 1769 605 1814 non
628 1750 714 1828 licei,
743 1767 766 1814 s.
791 1749 919 1814 Ordines
941 1755 1115 1831 suscipere,
1138 1753 1196 1812 nisi
1225 1757 1234 1768 “

46 1871 130 1915 uxor
162 1855 308 1916 innocens
336 1853 554 1935 professionem
588 1859 739 1932 emiserit,
773 1853 839 1932 vel,
872 1859 994 1934 saepius
1023 1859 1127 1938 rogata
1159 1853 1196 1916 alr

47 1955 211 2018 emendato
233 1957 383 2027 adultero,
407 1957 685 2020 reconciliationem
708 1935 776 2022 curn
798 1961 865 2038 ipso
886 1961 1083 2036 recusaverit,
1107 1963 1138 2030 cl
1162 1961 1196 2034 ut

49 2065 140 2123 etiam
165 2061 285 2122 volente
308 2079 404 2122 uxore
427 2065 458 2122 et
480 2065 698 2140 consentiente,
723 2065 846 2123 maritus
868 2059 1040 2123 adsacrum
1053 2059 1195 2122 Ordinem

49 2169 224 2242 promoveri
255 2171 362 2244 queat,
391 2183 483 2242 uxor,
516 2169 540 2227 si
564 2181 660 2228 senex
682 2168 738 2243 ait,
770 2170 801 2226 et
824 2161 862 2224 dc
890 2167 1107 2226 incontinentia
1132 2179 1192 2224 non

51 2273 207 2346 suspecta,
230 2273 333 2329 votum
357 2271 559 2333 continentiae
581 2267 673 2328 dehet
693 2267 803 2342 edere3
834 2272 860 2330 si
882 2285 956 2336 vero
975 2268 1114 2348 juvenis,
1145 2267 1194 2329 vel

50 2376 190 2450 suspecta
213 2369 251 2430 de
272 2373 504 2449 incontinentia,
528 2370 706 2454 religionem
730 2369 848 2454 ingredi
872 2375 902 2432 ei
924 2369 1056 2450 profiteri
1071 2367 1105 2444 ¹).

118 2643 169 2698 Sed
186 2646 273 2697 verius
290 2643 374 2710 eredo,
393 2643 512 2698 Ordinem
531 2658 551 2694 s.
569 2645 668 2697 ratione
686 2644 735 2706 sai,
753 2650 779 2694 et
797 2644 850 2694 sine
869 2617 1002 2696 ordine'ad
1021 2650 1117 2706 notum,
1136 2657 1192 2694 essa

114 2729 174 2796 jure
192 2732 315 2782 canonico
341 2732 547 2798 impedimentum
566 2727 686 2782 dirimens
711 2731 868 2784 matrimonii.
904 2727 936 2780 Et
960 2731 1023 2782 ratio
1052 2737 1105 2792 esi,
1133 2729 1192 2798 qnia
1248 2733 1253 2744 ‘

117 2820 139 2868 si
159 2819 214 2886 quis
233 2815 393 2868 ordinaretur
403 2834 459 2868 cum
471 2816 661 2870 voluntatcnon
676 2816 806 2880 emittendi
825 2823 911 2868 votum
926 2817 1055 2879 castitatis,
1073 2821 1190 2883 peccaret

117 2903 235 2972 quidem,
253 2909 296 2965 et,
314 2900 509 2971 utplurimum,
528 2911 642 2954 maneret
659 2902 782 2970 obligatus
801 2903 915 2952 emittere
939 2908 1041 2964 votum,
1067 2917 1099 2951 ex
1115 2907 1191 2967 pacto

116 2992 180 3042 iau'to
204 3005 265 3042 cum
284 2990 397 3044 Ecclesia
420 3005 471 3042 non
490 2990 561 3044 atter
577 2989 680 3045 volante
697 2989 845 3057 dispensare
862 2985 1053 3044 Sacramentum
1072 2983 1189 3048 Ordinia;

116 3083 202 3128 tamen
224 3079 261 3126 sic
284 3074 420 3130 Ordinatur
447 3091 500 3129 non
527 3075 630 3128 liaberet
652 3084 739 3128 votum
766 3076 903 3138 castitatis,
930 3076 1045 3142 quamvis
1073 3070 1192 3126 inhabilis

116 3165 223 3216 omuino
239 3162 305 3214 toret
323 3163 356 3214 ad
372 3165 557 3218 matrimonium
574 3159 788 3224 contrahentium
812 3175 873 3229 ergo
896 3158 1040 3223 inhabilitas
1058 3175 1115 3212 nors
1130 3171 1192 3226 pro-

115 3251 187 3301 venit
205 3248 325 3300 duntaxat
351 3267 382 3302 ex
400 3257 459 3302 roto
483 3251 602 3304 enitatis
624 3264 724 3304 annuo
742 3245 886 3314 Ordinibus¹
904 3249 995 3308 sacris,
1021 3246 1066 3298 sed
1084 3243 1191 3314 exlege

116 3334 288 3388 ecclesiastiea
306 3337 481 3396 constituente,
500 3342 529 3388 ut
547 3333 615 3386 Ordo
633 3353 653 3388 s.
670 3337 702 3388 ait
721 3333 926 3402 impedimentum
946 3333 1068 3386 dirimens
1084 3330 1116 3384 ad
1134 3345 1192 3383 taa-

116 3423 261 3475 trlmoaium
286 3419 466 3484 submotum
488 3435 567 3488 quaro
590 3420 640 3472 hoo
656 3419 863 3488 impedimentum
873 3427 979 3477 vocatur
997 3417 1038 3472 lex
1046 3415 1190 3470 Ecclesias-

115 3511 165 3558 tica
185 3509 210 3558 io
231 3505 306 3560 cone
317 3506 427 3558 Trident
446 3521 506 3556 aeas.
527 3506 569 3558 tt.
586 3521 608 3558 c.
627 3506 652 3558 9.
669 3535 704 3546 -·
721 3505 947 3561 GouaalezTellea.
969 3503 1012 3567 tib.
1030 3501 1075 3558 iit.
1092 3505 1132 3556 tit.
1143 3500 1193 3554 lll.

113 3611 141 3646 a.
159 3597 184 3646 7.
219 3593 286 3646 ³85.
1100 3635 1103 3644 .

71 3680 93 3747 ¹)
112 3679 174 3732 Can.
193 3611 314 3747 Epismp.
331 3679 356 3730 6.
374 3675 430 3728 diat.
449 3679 491 3730 77.
509 3693 532 3730 c
549 3681 574 3732 5„
597 3707 630 3718 -
653 3676 767 3744 spectate
790 3678 885 3748 aliquid
908 3685 951 3730 est
971 3678 998 3728 in
1016 3691 1062 3738 oo,
1086 3675 1129 3743 qui
1149 3673 1190 3724 ri-

114 3774 191 3818 vento
205 3774 296 3816 ‘uxore
322 3763 353 3816 ad
371 3763 552 3830 Episcopatum
576 3763 706 3828 euehiturr
731 3779 788 3818 narn
814 3763 855 3818 hic
878 3761 988 3818 ordinari
1015 3763 1116 3830 nequit,
1142 3761 1191 3810 alsi

114 3867 186 3916 uxor,
204 3851 302 3906 manni
320 3863 399 3904 senex
415 3851 448 3904 sit
467 3857 513 3902 eie
532 3857 627 3906 vestem
646 3849 789 3916 religiosam
799 3853 870 3918 prius
887 3849 1100 3914 assumpserit—
1117 3843 1190 3896 Talea

114 3953 219 4000 umes,
242 3939 317 3990 etiam
335 3938 362 3988 in
380 3935 676 4000 antonnacensis,
694 3938 798 3990 menois
816 3935 966 4004 conjugibus
984 3933 1118 4004 ordinatis,
1136 3945 1189 3988 non

112 4033 220 4094 panant
237 4023 306 4078 aliud
330 4025 517 4081 matrimonium
534 4023 616 4082 aalide
641 4024 720 4087 inire,
746 4038 777 4077 ex
795 4023 972 4085 mustmnonc
989 4019 1134 4090 Ecclesiae,
1157 4016 1191 4069 ot
