2742 4660
126 199 169 267 38
410 213 447 268 lle
465 211 649 282 impedimentis
668 211 819 263 matrimonii
837 212 863 262 in
881 225 985 280 genero.

214 373 306 451 Hinc,
336 389 398 434 non
427 371 564 434 obstante
592 371 769 432 auctoritate
799 370 937 451 gravium
960 370 1134 441 anctorum,
1163 361 1268 428 dicere

127 478 208 552 licet,
230 492 299 540 esse
322 475 474 536 moraliter
495 477 620 548 certum,
643 469 822 533 acatholicos
839 469 1003 550 baptizatos
1026 473 1142 531 cunctis
1163 471 1268 547 impe-

129 579 269 641 dimentis
291 576 504 644 ecclesiasticis
526 593 595 638 esse
617 574 768 655 subjectos
790 590 887 654 aeque
910 591 945 636 ac
967 570 1145 648 catholicos,
1175 574 1267 632 etiam

128 682 343 762 impedimento
365 677 628 756 clandestinitatis‚
662 675 711 738 ubi
734 694 795 738 non
817 675 873 737 snit
895 693 1039 756 expresse
1061 678 1266 751 retractatum,

129 790 286 866 postquam
314 781 408 845 semel
436 786 468 843 in
498 782 597 862 aliquo
626 780 693 842 loco
721 783 779 841 rite
807 785 871 841 erat
900 778 1130 861 promulgatum.
1154 811 1198 822 -
1220 775 1267 836 llli

130 893 209 950 enim
232 893 370 950 auctores
392 890 556 966 posuerunt
579 882 805 946 fundamentum
835 899 908 944 suae
931 884 1098 942 sententiae
1119 885 1150 940 in
1174 897 1269 960 prae-

132 997 251 1072 sumpto
274 1006 425 1052 consensu
448 987 477 1052 S.
497 969 662 1060 Pontificis3
686 1002 754 1046 cnm
777 991 877 1047 autem
901 1002 940 1046 ex
961 982 1063 1046 relatis
1086 982 1270 1044 declaratio-

132 1095 220 1157 nibus
249 1099 279 1154 et
306 1091 508 1154 decisionibus
535 1090 573 1152 de
602 1092 753 1152 contrario
776 1091 910 1164 constet,
939 1085 1011 1148 illud
1039 1085 1268 1148 fundamentum

133 1203 248 1275 cessat,
279 1215 314 1258 ac
336 1200 468 1276 ipsorum
492 1196 593 1274 opinio
622 1196 666 1265 (ni
690 1195 812 1254 omnino
835 1190 935 1266 fallor)
965 1189 1085 1274 longius
1107 1188 1269 1272 probabilis

132 1303 233 1364 vocari
255 1317 315 1362 non
338 1304 445 1380 potest.

467 1531 519 1590 De
536 1419 935 1603 dubiissindgedimentis.

221 1653 243 1718 l.
268 1651 297 1717 Si
314 1655 468 1734 quaeritur
489 1649 527 1711 de
551 1649 648 1712 dubiis
672 1651 894 1732 impedimentis
916 1651 1157 1732 impedientibus
1181 1653 1273 1730 prin-

136 1759 213 1837 cipia
237 1755 407 1838 theologiae
436 1753 557 1816 moralis
579 1752 616 1815 de
639 1758 822 1816 conscientia
851 1753 995 1835 probabili
1019 1756 1194 1835 simpliciter
1215 1769 1272 1814 se-

134 1859 253 1940 quenda
267 1864 366 1937 erunt,
390 1862 415 1919 si
431 1856 552 1938 quidem
570 1861 602 1918 in
620 1857 679 1920 illis
696 1863 796 1941 agitur
809 1857 847 1919 de
865 1858 946 1920 licito
958 1858 1008 1920 vel
1025 1858 1128 1920 illicito
1146 1861 1270 1918 tuntum.

136 1962 257 2024 Gentius
280 1967 378 2023 antem
395 1958 559 2039 procedere
582 1967 700 2040 oportet
720 1965 751 2022 in
766 1961 865 2023 dubiis
882 1961 1105 2040 impedimentis
1121 1958 1273 2020 dirimen-

135 2063 229 2142 tibus,
260 2067 329 2144 quia
351 2067 382 2125 in
405 2063 460 2125 hoc
488 2080 560 2126 casn
583 2081 645 2126 non
672 2071 784 2126 tantum
812 2068 966 2146 quaeritur
988 2063 1026 2126 de
1055 2064 1182 2140 licitute,
1215 2061 1271 2123 sed

135 2171 224 2228 etium
247 2165 285 2226 de
300 2165 450 2228 validitate
474 2170 664 2230 matrimonii.
689 2167 764 2229 Hinc
778 2167 964 2251 distinguere
982 2167 1125 2230 debemus
1151 2165 1182 2240 1)
1195 2183 1270 2227 num

135 2269 257 2331 dubium
280 2267 317 2330 de
340 2269 439 2348 aliquo
461 2269 676 2350 impedimento
699 2270 834 2332 obstante
854 2276 1072 2334 matrimonium
1092 2276 1271 2332 antecesse-

136 2377 175 2434 rit
196 2390 234 2434 an
256 2373 320 2452 jam
349 2377 533 2434 contractum
556 2376 780 2454 supervenerit;
811 2373 845 2447 2)
868 2391 939 2434 num
970 2376 1008 2434 sit
1030 2371 1151 2434 dubium
1178 2372 1269 2452 juris,

135 2493 174 2538 an
196 2475 283 2550 iacti3
312 2474 434 2537 dnbinm
459 2476 537 2557 juris
560 2480 679 2551 existit,
709 2479 734 2537 si
758 2475 955 2537 consideratis
984 2474 1122 2536 omnibus
1145 2472 1271 2535 dubium

136 2583 253 2640 maneat
275 2578 312 2640 de
326 2578 405 2664 lege,
425 2579 506 2660 jure,
530 2579 713 2662 obligatione
736 2584 766 2639 et
781 2577 877 2640 solnm
898 2576 1048 2658 probabile
1070 2581 1120 2656 sit,
1144 2593 1197 2657 pro
1212 2574 1272 2637 hoc

200 2798 272 2852 Unde
296 2813 398 2865 prorsus
422 2802 582 2868 perspicuum
607 2808 658 2861 est,
684 2803 710 2852 in
736 2798 812 2852 Curia
837 2799 951 2852 Romana
975 2800 1118 2851 continuata
1144 2814 1271 2850 annorum

201 2888 277 2949 serie,
295 2894 320 2936 et
338 2886 425 2948 toties,
449 2888 546 2954 quoties
564 2902 594 2936 ea
612 2888 726 2956 quaestio
745 2885 791 2937 luit
808 2887 950 2952 proposita,
972 2884 1045 2951 hujus
1063 2887 1162 2956 generis
1181 2887 1272 2936 matri-

142 3017 150 3026 .
201 2973 284 3022 monia
303 2987 349 3038 pro
367 2969 442 3023 nullis
463 2973 539 3024 luisse
558 2971 650 3024 babitu.
686 2971 845 3040 Quapropter
862 2987 913 3022 non
932 2971 1043 3024 subsistit
1066 2973 1205 3022 communis
1225 2988 1270 3022 re-

201 3059 313 3124 sponsio,
331 3072 396 3126 quae
410 3056 473 3108 solet
491 3056 565 3120 objici
584 3057 632 3109 illis
644 3056 824 3126 antiquioribus
837 3056 1057 3122 declarationibus,
1076 3074 1181 3124 nempe:
1201 3057 1271 3126 quod

201 3142 243 3196 itio
261 3151 384 3210 tompore,
402 3161 452 3212 quo
470 3143 582 3194 nondum
601 3145 634 3194 ita
651 3129 757 3194 {nialuit
774 3142 977 3195 Acatbolicorum
996 3147 1123 3212 potentia,
1139 3152 1166 3194 ut
1184 3143 1271 3206 hodie,

203 3226 293 3291 majori
313 3230 396 3296 rigore
418 3245 439 3278 s.
456 3227 579 3297 Congreg.
598 3245 644 3280 usa
662 3230 707 3292 sit,
731 3237 755 3279 et
774 3237 860 3296 postea
885 3247 930 3296 per
949 3232 1009 3282 alias
1034 3235 1059 3283 in
1083 3229 1270 3294 objectionibus

203 3315 331 3381 oppositas
349 3313 531 3364 declarationes
554 3314 613 3366 inde
630 3317 768 3366 recesserit.
804 3315 959 3368 Enimvero
983 3315 1161 3383 posterioribus
1184 3318 1272 3379 etiam,

201 3403 253 3452 into
275 3399 367 3452 ultimis
391 3399 546 3464 temporibus
572 3409 596 3452 et
619 3404 691 3452 annis
716 3399 827 3452 eundern
855 3418 957 3454 sensum
983 3417 1003 3454 s.
1030 3401 1153 3471 Congreg.
1181 3402 1271 3465 luisse,

203 3493 290 3554 aperte
309 3493 407 3537 constat
426 3501 456 3536 ex
474 3486 561 3550 dictis,
585 3485 663 3550 adeo,
687 3494 714 3537 nt
732 3486 795 3538 baec
814 3497 940 3554 postrema
959 3487 1093 3539 declaratio
1111 3488 1143 3538 de
1161 3489 1186 3540 l.
1206 3489 1272 3557 hug.

203 3573 269 3624 1725
288 3587 316 3623 se
333 3571 427 3623 releret
445 3571 478 3622 ad
496 3574 604 3639 primum
624 3571 655 3624 dc
673 3573 714 3624 26.
727 3572 795 3641 Sept.
810 3553 884 3636 tint,
904 3582 927 3624 et
942 3578 1028 3643 vigore
1046 3571 1159 3638 ejusdem
1170 3573 1271 3624 Declar.

201 3665 352 3708 memoratus
372 3655 463 3710 Comes
482 3661 584 3710 vivente
607 3658 665 3722 itta,
688 3675 763 3726 quam
782 3662 836 3710 sine
860 3662 1002 3728 praesentia
1020 3658 1125 3712 Parocbi
1144 3657 1270 3710 Catholici

201 3741 321 3807 duxerat,
344 3759 402 3794 cum
421 3743 469 3794 nlla
487 3746 594 3795 servatis
618 3745 750 3796 servandis
774 3743 973 3796 solemnitatibus
996 3747 1097 3812 nuptias
1121 3743 1271 3796 contrahere

202 3829 276 3880 luerit
294 3832 445 3896 permissus,
468 3828 535 3898 qnod
553 3831 653 3899 quidem
673 3830 822 3898 Exemplum
841 3829 900 3882 Urbi
919 3839 944 3882 ct
962 3829 1021 3882 Orbi
1046 3839 1132 3883 notum
1152 3834 1216 3883 est.“
1235 3861 1270 3870 -

181 3912 246 3966 ..lus
270 3914 331 3966 Can.
348 3914 395 3978 lib.
413 3916 438 3968 t.
464 3917 502 3966 tit.
523 3915 547 3967 3.
573 3932 596 3982 p.
616 3917 657 3968 93.
676 3946 709 3954 -
728 3913 800 3971 cont.
823 3915 972 3991 Pignatelli‚
996 3916 1102 3972 consult
1118 3919 1159 3973 tn.
1184 3935 1209 3974 u.
1226 3918 1271 3974 26.

202 4009 262 4056 totu.
281 4003 305 4054 5.
324 4009 348 4053 et
365 4000 471 4056 consult.
492 4001 549 4057 104.
567 4009 628 4054 tom.
645 4002 670 4056 8.
