2742 4660
334 221 372 276 lie
389 221 575 292 inpedimentis
593 221 788 291 impedientibus
807 225 832 278 in
850 223 944 296 specie.
1165 211 1207 279 57

72 383 119 440 εει
140 381 257 440 irritum
281 382 347 440 siue
369 397 519 459 consensu
541 380 664 444 atterius
683 387 784 462 partis,
809 387 877 464 quia
900 383 1049 465 objectum
1073 385 1138 465 ejus
1161 393 1207 448 est

70 481 159 542 aliter
187 483 309 544 omnino
334 482 536 562 impossibile,
569 487 626 545 uisi
658 503 711 566 pro
744 492 879 565 tempore
907 486 996 548 soluti
1028 491 1205 550 matrimonii

70 584 163 646 luerit
184 583 312 659 iactum3
343 589 374 658 c)
403 584 535 647 devoto
564 589 745 667 suscipiendi
772 589 894 650 ordines
920 589 999 650 idem
1031 590 1111 651 valet
1137 598 1205 653 ante

70 689 360 748 consummationem
392 692 590 768 matrimonii,
621 690 701 773 quod
731 692 862 754 diximus
893 691 931 754 de
952 697 1023 755 voto
1050 693 1207 779 religionis

70 794 139 871 post
161 793 460 853 consummationem.

584 953 612 1020 s.
641 944 687 1012 19.

355 1071 407 1137 ill.
430 1073 541 1158 leupo
562 1072 687 1140 tanat·-
709 1094 757 1140 seu
778 1077 919 1142 neruine

157 1225 178 1290 l.
209 1225 247 1288 Ut
270 1225 344 1287 iesta
367 1245 402 1286 ac
424 1231 558 1306 tempora
582 1225 688 1289 lestiva
717 1227 861 1308 quaedam
885 1232 1041 1310 praecipua
1066 1231 1205 1296 devotius

69 1333 296 1412 peragerentur,
322 1333 415 1389 vetuit
433 1327 577 1406 Ecclesia,
602 1347 640 1390 nc
667 1335 697 1390 in
718 1329 777 1392 illis
796 1331 904 1392 iterent
926 1337 1055 1413 nuptiae,
1080 1354 1204 1416 quarum

68 1433 233 1494 celebratio
257 1431 432 1514 plerumque
456 1437 571 1494 animos
594 1437 683 1494 nioria
707 1431 817 1494 laetitia
840 1453 917 1496 vana
940 1442 1073 1516 occupat.
1112 1438 1207 1518 Hujus

67 1537 145 1618 legis
172 1536 234 1615 jam
265 1537 376 1596 mentio
409 1535 442 1596 srt
468 1537 497 1595 in
522 1534 612 1596 Conc.
635 1534 725 1598 Laod.
754 1555 781 1598 a.
812 1534 884 1600 365.
913 1556 978 1616 cap.
1002 1537 1070 1600 52:
1115 1539 1206 1618 „Non

68 1643 185 1719 oportet
208 1641 238 1698 in
262 1635 489 1720 quadragesima
514 1644 565 1700 aut
588 1642 705 1720 nuptias
728 1645 779 1700 aut
799 1639 950 1720 quaelibet
972 1639 1100 1703 natalitia
1123 1643 1209 1704 celc-

67 1743 155 1804 lirare
163 1743 196 1816 ;“
210 1740 235 1816 ¹)
258 1759 296 1801 ne
319 1759 377 1821 que
396 1740 507 1830 'desunt
515 1786 524 1820 ,
548 1745 597 1819 qui
622 1747 779 1818 censeant,
805 1747 954 1826 originem
978 1741 1057 1804 illius
1081 1744 1205 1806 trahen-

64 1845 131 1908 dam
150 1863 220 1906 esse
233 1847 339 1925 parlim
354 1843 390 1904 ab
406 1843 609 1906 admonitione
627 1843 675 1905 illa
690 1843 717 1907 b.
733 1843 812 1906 Pauli
833 1850 863 1908 in
882 1864 928 1926 ep.
946 1844 972 1908 1.
987 1846 1023 1907 ad
1040 1845 1107 1909 Cor.
1120 1847 1149 1924 7,
1174 1847 1204 1926 5,

64 1952 171 2028 partim
195 1967 212 2008 a
234 1965 344 2029 magno
371 1947 422 2010 illo
445 1947 583 2024 fervore,
612 1965 671 2028 quo
700 1945 798 2009 allecti
829 1947 922 2010 luisse
948 1953 1092 2028 primaevi
1117 1947 1207 2010 Chri-

64 2055 152 2113 stiani
177 2049 334 2112 traduntur
355 2057 386 2114 iu
409 2050 606 2112 observandis
630 2049 878 2134 quadragesimae
903 2056 933 2112 et
955 2051 1102 2116 similibus
1126 2059 1207 2114 tem-

65 2155 190 2234 poribus
219 2158 289 2216 anni
318 2153 523 2218 ecclesiastici.
570 2151 646 2214 Olim
670 2152 745 2216 hacc
766 2153 925 2234 prohibitio
953 2161 1109 2220 extensior
1131 2163 1205 2237 erat,

64 2257 209 2319 videlicet
231 2257 267 2317 ab
290 2254 429 2317 Adventu
452 2255 587 2332 Domini,
620 2273 715 2336 usque
738 2256 774 2318 ad
797 2255 1005 2336 Epiphaniam,
1034 2279 1050 2321 a
1075 2261 1207 2340 Septua-

64 2367 180 2442 gesima
212 2360 248 2420 ad
271 2358 411 2421 Octavam
438 2358 604 2437 Pascbatis,
635 2377 651 2420 a
681 2359 786 2421 diebus
816 2360 1014 2442 Rogatianum
1043 2379 1138 2442 usque
1168 2363 1206 2424 ad

65 2465 276 2540 Pentecostes,
308 2467 339 2522 et
368 2459 387 2524 3
417 2461 611 2522 hebdomadis
641 2467 711 2522 aute
741 2463 849 2524 festum
874 2461 902 2525 S.
926 2463 1050 2524 loannis
1073 2463 1120 2539 B.;
1150 2465 1205 2526 sed

64 2566 231 2628 Concilium
246 2561 412 2640 Tridenti)
436 2563 508 2626 illud
525 2569 566 2626 ita
583 2569 749 2644 restrinxit,
774 2573 806 2628 ut
826 2564 1012 2629 solummodo
1027 2565 1205 2629 interdictae

63 2674 123 2730 sint
146 2673 270 2748 nuptiae
291 2688 308 2730 a
331 2667 352 2731 l.
376 2668 533 2730 Dominica
556 2668 713 2732 Adventus
736 2687 831 2749 usque
855 2673 886 2730 in
910 2668 988 2730 diem
1010 2667 1203 2748 Epiphaniae,

64 2779 93 2832 et
115 2792 131 2833 a
157 2771 231 2832 teria
256 2768 304 2833 iv.
328 2770 468 2832 cinerum
491 2775 639 2850 usquein
663 2769 802 2832 Octavam
827 2770 977 2834 Pascbatis
1000 2771 1155 2834 inclusive.

150 2872 186 2933 ll.
218 2873 337 2935 Certum
361 2877 421 2951 est,
453 2879 644 2936 contractem
674 2878 852 2936 matrimonii
884 2878 1020 2955 praecise
1048 2891 1107 2936 non
1137 2891 1206 2936 esse

64 2976 245 3057 prohibitum
276 2975 333 3039 hoe
358 2982 490 3056 tempore
513 2981 642 3056 sacrato,
676 2977 729 3038 sed
759 2977 902 3039 duntaxat
930 2977 1148 3040 solemnitatem
1172 2996 1208 3040 ac

64 3081 296 3142 celebrationem
320 3085 504 3160 nuptiarum;
527 3079 583 3142 hoc
606 3085 724 3143 constat
747 3099 785 3142 ex
808 3079 916 3158 verbis,
942 3099 1018 3161 quae
1040 3085 1206 3142 inveniun-

63 3188 108 3244 tur
135 3187 170 3244 in
193 3183 280 3266 jure,
309 3201 364 3246 sc:
395 3182 483 3260 „Nec
512 3183 601 3246 liceat
627 3187 745 3263 nuptias
774 3183 973 3261 celebrarc‚“
996 3189 1026 3246 et
1054 3188 1085 3246 iu
1110 3188 1159 3246 cit.
1185 3184 1204 3247 l.

63 3286 149 3348 Cone.
169 3285 268 3348 ibid:
292 3287 503 3365 „Solemniacum
525 3291 693 3366 nuptiarum
717 3284 956 3365 prohibitiones“
979 3291 1037 3348 ete.
1060 3284 1119 3348 Sed
1142 3283 1204 3346 dil-

63 3389 170 3451 ficilius
203 3393 265 3466 cst,
300 3394 406 3450 exacte
435 3388 575 3468 desinire,
608 3389 678 3470 quid
708 3393 747 3450 sit
774 3389 1001 3472 intelligendum
1030 3393 1111 3450 inter
1138 3388 1204 3450 illas

64 3493 269 3554 solemnitates
291 3493 481 3554 omittendas.
505 3492 617 3556 Omnes
640 3497 670 3556 iu
694 3491 752 3554 hoc
771 3491 890 3573 quidem
913 3495 1105 3576 conveniunt,
1129 3507 1205 3570 pro-

63 3593 169 3658 hibitas
200 3612 268 3656 esse
298 3595 523 3658 benedictiones
553 3595 702 3678 nuptiales
730 3595 807 3657 inira
839 3593 976 3670 Missam,
1008 3597 1039 3652 et
1064 3589 1121 3650 hoc
1151 3590 1206 3651 sub

68 3703 151 3780 gravi
175 3705 317 3778 peccat03
345 3703 417 3760 item
440 3699 578 3762 festivum
608 3705 639 3762 et
661 3699 809 3780 publicam
834 3715 961 3779 sponsae
990 3693 1207 3764 traductionem

95 3921 114 3985 ¹)
132 3919 275 3982 Garranza,
302 3920 402 3974 Summa
422 3921 516 3974 Concil.
535 3940 558 3992 p.
581 3921 636 3974 iio.

94 4007 114 4073 ²)
132 4021 194 4058 sess.
214 4007 255 4060 tt.
273 4007 306 4060 de
323 4007 425 4064 reform.
444 4010 553 4062 matrim.
571 4024 594 4059 c.
614 4007 654 4063 to.
