2746 4646
301 229 339 284 De
356 231 539 300 impedimentis
559 235 744 288 niatrintouiun
763 233 944 288 dirimentibus.
1149 220 1191 286 85

54 404 114 448 non
145 393 258 466 potest;
288 387 353 450 talis
382 396 480 452 autem
511 389 646 452 deiectus
672 391 730 471 per
752 411 786 453 se
808 397 904 454 irritat
933 409 1054 472 semper
1084 397 1191 455 matri·-

54 493 203 564 monium,
234 509 269 552 ac
296 493 423 572 proinde
452 512 511 556 non
539 497 667 572 pertinet
695 494 732 554 ad
761 494 839 556 hauc
867 501 1082 577 quaestionem.
1094 492 1119 570 ¹)
1148 527 1192 542 -·-

52 591 87 662 2)
111 591 204 655 Error
226 593 263 654 de
287 613 461 677 quacunque
484 597 640 678 qualitate,
661 598 792 676 xmajoris
815 599 864 658 vel
888 603 1011 662 minoris
1034 601 1191 675 momenti,

54 701 143 773 tunc,
167 699 349 779 generaliter
371 699 534 780 loquendo,
564 704 595 760 in
620 717 777 779 personam
801 700 965 780 redundat,
996 704 1111 780 siquis
1134 719 1193 762 ex-

51 803 176 876 istimet,
200 819 233 862 so
256 819 323 862 cum
345 801 402 862 alia
426 821 552 882 persona
570 803 757 880 contrahere,
783 821 843 864 non
867 823 934 866 cum
951 823 996 882 ea,
1021 822 1110 884 quam
1134 822 1192 864 ex-

54 907 150 964 terius
180 908 304 983 accipit,
334 903 464 984 ideoque
486 923 586 986 neque
616 909 801 984 consentiat,
830 925 898 968 cum
921 906 976 968 hac
1004 904 1216 984 contrahere,

53 1011 124 1086 quia
148 1025 207 1068 non
231 1013 458 1089 cognoscentis,
483 1015 534 1070 aut
556 1013 681 1070 errantis
705 1027 765 1071 non
788 1015 834 1070 est
856 1027 1030 1073 consensus
1063 1009 1096 1070 ld
1119 1025 1192 1072 vero

56 1114 129 1170 tunc
153 1113 276 1170 evenire
299 1110 383 1187 solet,
409 1116 434 1173 si
457 1130 511 1192 per
530 1111 702 1192 qualitatem
726 1112 876 1173 unamvel
898 1115 998 1192 plures
1020 1117 1100 1172 certa
1121 1130 1194 1191 per-

53 1228 129 1272 sona
145 1211 331 1274 describatur
344 1217 504 1294 animoque
527 1213 712 1296 designetur,
736 1233 812 1294 quae
836 1218 905 1276 eisc
927 1215 1065 1293 clioqcie
1088 1217 1194 1294 macte

53 1320 118 1389 est,
144 1333 192 1375 cx.
216 1334 246 1396 g.
270 1319 296 1377 si
319 1321 487 1378 consentiat
509 1321 608 1380 animo
631 1317 668 1378 ad
691 1318 892 1396 accipiendam
917 1335 991 1395 eam,
1016 1333 1093 1395 quae
1114 1320 1194 1377 inter

53 1417 131 1480 litias
155 1416 324 1497 Sempronii
354 1423 553 1503 primogenita
585 1425 647 1496 est,
679 1419 821 1482 olieratur
849 1426 948 1482 autem
978 1426 1081 1500 postea
1112 1417 1191 1497 Caja,

51 1539 131 1601 quae
154 1525 381 1604 primogenitam
404 1541 438 1584 se
460 1528 618 1602 mentitur,
641 1541 701 1586 non
724 1524 804 1586 valet
822 1527 1054 1584 matrimonium.
1100 1519 1194 1583 Sacus

52 1630 110 1692 est,
136 1629 161 1684 si
180 1624 249 1704 cqc
272 1625 344 1687 haec
362 1631 431 1688 visu
452 1632 534 1706 prius
556 1633 627 1689 nota
650 1633 680 1690 et
702 1627 739 1689 ad
762 1630 981 1690 matrimonium
1000 1625 1194 1686 determinata

52 1727 178 1804 fuisset,
208 1732 324 1790 tametsi
356 1737 458 1810 postea
480 1731 602 1792 simulet
624 1747 658 1792 se
684 1735 931 1812 primogenitam,
963 1747 1030 1790 cum
1060 1731 1193 1805 nonsit,

50 1829 165 1890 valebit
187 1830 457 1904 matrimonium.²)
480 1831 529 1895 Sic
549 1833 709 1914 Laymann.
733 1867 768 1880 -·
791 1832 882 1894 Juxta
905 1830 1039 1893 Sanchez
1063 1837 1093 1890 et
1115 1830 1191 1892 alios

82 2023 103 2088 ¹)
123 2023 196 2074 Unde
217 2023 290 2092 longe
309 2023 458 2076 aberrante
478 2017 580 2078 veritate
599 2034 623 2074 ct
643 2027 710 2092 praxi
730 2023 821 2076 Curiae
841 2024 983 2086 Romanae,
1002 2023 1044 2090 qui
1063 2021 1150 2072 dicunt
1167 2022 1194 2073 itt

122 2113 256 2161 sanitatem
276 2113 374 2172 mentis,
393 2114 487 2162 crimen
501 2111 601 2180 aliquod
620 2121 693 2162 annea
713 2113 890 2170 commissum,
910 2109 1025 2161 morbum
1044 2107 1194 2170 taediosum,

124 2203 149 2245 et
168 2199 242 2246 etiam
268 2199 470 2264 praegnationem
490 2213 598 2264 sponsae
617 2196 648 2247 ab
667 2200 754 2260 tertio,
780 2199 800 2245 si
819 2196 850 2246 de
870 2195 906 2244 liis
926 2211 995 2246 error
1018 2195 1194 2255 intervenerit,

128 2283 282 2332 constituere
301 2298 411 2332 errorem
430 2284 454 2331 in
474 2299 607 2349 personam
627 2283 816 2333 redundantem.
832 2312 860 2318 -
878 2281 1025 2346 Dolendum,
1044 2278 1111 2347 quod
1122 2279 1195 2345 Supp

128 2367 190 2417 huic
211 2368 341 2418 doetrinae
365 2367 503 2419 adhaerere
527 2384 578 2419 non
601 2368 707 2419 haesitet
730 2371 755 2418 in
779 2385 801 2418 c.
821 2369 881 2419 476.
900 2395 934 2404 -
953 2361 1078 2416 Cascistilr
1097 2366 1124 2416 in
1142 2361 1195 2414 und
1276 2353 1279 2360 ⁴

127 2469 217 2504 ausser
235 2455 291 2506 dem
310 2453 488 2506 Beiehtstulde.
506 2455 537 2505 ll.
551 2454 596 2508 lh.
616 2454 696 2506 ldaiua
718 2456 788 2506 test.
808 2482 841 2490 -
859 2453 888 2503 ln
906 2451 967 2508 Jure
984 2468 1040 2502 can.
1059 2465 1136 2502 causa
1154 2451 1195 2502 29.

128 2549 226 2608 quaest.
247 2541 273 2592 l:
298 2540 452 2603 „Similiter,
476 2543 517 2610 qui
541 2541 613 2591 duxit
631 2544 655 2592 in
680 2557 782 2592 uxorem
808 2540 963 2589 meretricem
982 2536 1021 2588 vel
1041 2543 1196 2602 corruptam,

128 2641 204 2693 quam
229 2635 298 2692 putat
322 2641 377 2676 esse
396 2634 505 2688 cartam,
530 2627 569 2676 vcl
588 2628 726 2694 virginem,
751 2641 800 2676 non
824 2633 905 2692 potest
928 2639 983 2674 eam
1007 2623 1145 2683 dimittere,
1171 2629 1196 2670 et

129 2711 205 2760 aliam
230 2711 350 2764 ducere.“
368 2742 403 2750 -
421 2713 445 2762 Si
465 2728 557 2778 sponsa
576 2728 603 2763 se
623 2713 700 2779 lingat
724 2711 848 2774 nobilem,
872 2710 973 2762 divitem
992 2717 1040 2758 etc.
1064 2722 1133 2758 error
1151 2721 1198 2774 per

129 2813 157 2848 se
182 2813 231 2849 non
255 2799 364 2850 iulirmat
388 2800 571 2848 matrimonium
592 2796 664 2861 juxta
688 2797 751 2848 decl.
775 2798 799 2848 S.
824 2795 851 2848 G.
876 2793 903 2847 C.
929 2797 969 2846 27.
987 2793 1046 2858 ttaji
1071 2793 1144 2843 1820.
1162 2821 1197 2830 -

129 2886 154 2936 S.
175 2883 202 2937 G.
222 2885 250 2936 0.
270 2887 310 2936 24.
329 2883 400 2936 Febr.
422 2885 488 2934 1720
511 2883 663 2946 declaravit,
685 2900 794 2936 errorem
813 2883 955 2950 simplicem
977 2883 1043 2935 circa
1061 2879 1196 2946 virginita-

129 2980 180 3023 tem
198 2985 308 3037 sponsae
324 2986 375 3020 ncn
394 2972 491 3021 irritare
509 2971 703 3020 matrimonium.
721 2969 777 3031 Oua
796 2969 922 3020 decisione
941 2967 1112 3020 controversia
1130 2967 1197 3016 eirca

131 3072 242 3108 errorem
261 3065 339 3108 status
357 3073 476 3124 sponsae,
495 3073 560 3125 quae
579 3055 712 3121 putabatur
726 3058 805 3124 virgo,
823 3053 947 3119 repletum
965 3061 1050 3106 tamen
1070 3050 1101 3101 ab
1119 3050 1197 3102 altero

129 3151 211 3212 gestat
230 3151 343 3205 uterum,
362 3141 432 3194 finita
451 3158 507 3192 esse
525 3142 638 3203 videtur,
657 3141 752 3192 scilicet
776 3139 900 3204 ejusmodi
919 3141 995 3190 etiam
1014 3153 1125 3188 errorem
1146 3151 1198 3186 non

135 3235 233 3282 irritare
251 3232 464 3281 matrirnonium.“
483 3232 543 3282 inst.
562 3239 625 3296 past.
643 3228 713 3294 Epst.
732 3245 755 3294 p.
775 3227 833 3278 271.
852 3224 924 3276 Coni.
943 3223 1000 3276 Cas.
1019 3224 1058 3285 V,
1077 3223 1126 3278 Vt..
1144 3222 1198 3273 vti.

90 3319 113 3384 ²)
133 3315 264 3382 laymaun
283 3316 299 3366 Ι.
317 3331 340 3366 o.
358 3332 383 3366 n.
403 3319 425 3366 2.
444 3345 478 3354 -
496 3315 683 3384 Schmalugrub.
703 3317 737 3365 tit.
751 3315 773 3365 l.
786 3316 810 3378 g.
824 3313 849 3362 3.
867 3327 891 3362 ιι.
904 3311 965 3372 450,
983 3312 1030 3362 451
1053 3319 1100 3360 etc.
1118 3308 1160 3360 lib.
1173 3309 1198 3360 4.

130 3403 255 3464 Sanelren,
274 3401 316 3456 lib.
334 3405 357 3454 8.
379 3402 444 3453 Disc.
466 3403 504 3453 ta.
523 3419 548 3453 n.
567 3403 599 3454 26
619 3410 642 3452 et
661 3403 701 3454 27.
728 3399 860 3463 „Breviter
878 3397 934 3448 dico
952 3405 1012 3447 tuno
1030 3395 1055 3448 id
1074 3397 1198 3460 [emerem

130 3489 257 3557 qualitatis
274 3491 300 3539 iu
321 3503 452 3554 personam
465 3488 661 3551 redundantem)
680 3487 803 3548 accidere,
821 3483 922 3554 quando
940 3489 1037 3534 erratur
1050 3484 1117 3532 cirea
1134 3496 1199 3550 qua<

132 3577 238 3635 litatem,
262 3590 327 3642 quae
345 3583 437 3626 certam
462 3590 593 3640 personam
617 3574 746 3641 designat,
769 3588 835 3640 quae
858 3568 1015 3620 contrahenti
1037 3570 1111 3633 prins
1134 3573 1198 3616 nota

130 3678 182 3710 non
199 3668 259 3710 met
277 3659 436 3728 aisencella
453 3660 595 3729 qualitate;
613 3675 660 3710 nec
678 3666 785 3720 constat,
804 3665 912 3708 mentem
931 3652 1103 3706 contrahentis
1121 3651 1199 3704 luisse

132 3747 157 3796 in
178 3761 311 3812 personam
330 3745 376 3796 sibi
393 3755 554 3812 praesentem
572 3761 745 3814 quaecumque
762 3744 803 3794 illa
821 3745 852 3793 sit
870 3742 1041 3793 consentiref‘
1062 3767 1094 3776 -
1113 3755 1138 3790 n.
1158 3738 1199 3790 at.

131 3863 165 3872 --
184 3832 319 3894 Veracrua,
338 3847 448 3899 papea.
468 3847 492 3882 a.
504 3832 544 3882 28.
565 3833 609 3893 ait,
626 3847 683 3882 esse
700 3845 811 3882 errorem
830 3827 964 3897 qualitatis,
982 3829 1003 3878 si
1023 3826 1101 3878 llaria
1119 3825 1200 3877 nubat

132 3919 239 3981 loanni,
268 3935 341 3988 qaum
365 3922 458 3985 optime
474 3921 558 3980 novit,
587 3919 730 3968 existimans
756 3931 812 3966 eum
838 3931 894 3966 esse
919 3915 1113 3980 primogenitum
1138 3911 1200 3961 telis

133 4007 244 4068 mettis,
270 4017 331 4058 cum·
347 4020 398 4058 uon
416 4007 474 4058 sit.“
511 4001 632 4060 Consulto
655 4002 705 4056 dini
729 4017 820 4074 „qaam
838 4003 932 4071 optritae
946 4002 1047 4064 metis,
1070 3999 1130 4069 qruia
1148 4011 1201 4049 nou
