2736 4660
410 269 414 282 .
477 229 559 288 cua·
575 232 780 288 matrimoniales.
1148 213 1209 293 371

159 387 193 450 ln
216 393 302 452 tertia
325 387 445 450 donum
469 393 611 471 epistota,
641 397 751 472 scripta
777 387 826 454 10.
849 392 943 471 April.
968 395 1097 472 presumi
1121 409 1213 472 praa·-

71 497 163 570 teriti,
188 491 363 555 Ordinarius
385 496 495 555 iterum
517 499 624 576 inquit,
648 513 711 556 noro
733 511 801 556 esse
824 493 1016 573 sperandum,
1041 492 1121 574 quod
1144 493 1212 556 hn-

70 593 160 655 dreas
182 595 273 656 hieen
293 612 412 655 causam
435 603 505 678 agat
528 615 628 659 coram
651 597 679 660 h.
704 597 733 660 S.
757 585 789 660 C.
815 595 852 658 ad
875 597 1119 680 propugnandam
1143 615 1212 658 ma-

70 701 205 760 trimonii
227 697 411 758 validitatem
419 718 428 772 ;
451 717 519 760 cum
543 717 668 762 uxorem
691 718 724 762 se
741 698 910 779 repudiare,
934 703 997 758 tum
1016 699 1055 760 ob
1072 699 1209 768 violatam

70 801 108 862 ab
131 821 166 862 ea
195 799 314 862 thalami
337 799 444 876 fidem,
476 808 537 862 turn
566 806 688 883 propter
718 803 785 882 ejus
811 800 939 863 reditum
968 800 1005 864 ad
1028 800 1209 864 Catholicam

69 901 254 980 Ecclesiam,
286 909 316 964 in
345 909 519 966 memoratis
551 905 659 968 litteris
688 903 895 966 declaraverit.
920 902 1038 965 -His
1068 888 1110 964 in'
1129 902 1209 968 facto

69 1009 191 1085 positis,
223 1004 384 1068 videndum
414 1010 488 1082 erit,
521 1007 592 1086 quid
618 1008 696 1088 Juris
728 1009 775 1066 sit.
820 1005 959 1068 Nonnulli
989 1005 1110 1086 quidem
1140 1010 1210 1066 sunt

70 1107 234 1184 Doctores,
266 1113 316 1188 qui
344 1113 516 1172 existimant
546 1113 751 1183 matrimonia,
780 1111 845 1170 sive
872 1113 952 1170 inter
973 1105 1155 1170 catholicum
1180 1113 1210 1168 et

69 1210 270 1287 haereticum,
301 1215 367 1270 sive
390 1215 468 1272 inter
490 1212 697 1290 Acatholicos,
721 1214 787 1272 sine
812 1215 980 1290 praesentia
1002 1215 1067 1272 veri
1089 1210 1209 1292 parochi

68 1317 141 1373 inita
165 1317 196 1372 in
220 1313 305 1388 locis,
330 1313 378 1374 uhi
403 1313 565 1376 Decretum
589 1313 713 1376 Conciiii
736 1313 916 1393 publicatum
940 1312 1004 1390 fuit,
1029 1320 1060 1374 et
1082 1331 1209 1394 quorum

68 1414 252 1476 dominatum
275 1413 364 1478 hodie
388 1421 509 1478 teneant
530 1419 681 1496 principes
704 1414 881 1492 acatholici,
906 1433 974 1478 esse
996 1415 1094 1478 valida
1102 1435 1111 1491 3
1135 1433 1211 1496 pro-

68 1517 199 1578 babilius
223 1523 319 1578 tamen
343 1534 429 1593 esse,
463 1517 542 1598 quod
571 1517 739 1598 hujusmodi
770 1521 956 1578 matrimonia
985 1521 1067 1580 irrita
1097 1523 1158 1580 sint
1180 1525 1210 1580 et

66 1619 200 1682 invalida
218 1620 304 1700 juxta
328 1621 561 1682 ecclesiasticam
584 1621 696 1702 legem,
725 1638 742 1680 a
765 1638 823 1699 qua
846 1623 1004 1699 exemptos
1026 1638 1088 1682 non
1111 1621 1209 1684 reddit

65 1722 238 1783 haereticos
260 1727 356 1802 ipsum
380 1727 495 1785 crimen
518 1723 695 1784 deiectionis
718 1721 754 1784 ab
777 1722 927 1800 Ecclesia,
950 1722 1101 1802 intrepide
1123 1723 1210 1786 adir-

67 1831 152 1886 mant
163 1825 204 1886 La
219 1824 320 1902 Crcix,
336 1825 442 1888 Anact.
454 1823 648 1907 Schmalzgr,
661 1823 832 1908 Pignatelli3
852 1826 928 1888 Ειῖιι.
943 1825 1039 1900 Petra,
1053 1845 1120 1892 cum
1132 1827 1208 1892 aliis.

155 1926 248 1989 Marito
279 1935 378 1990 autem
408 1933 520 1990 certius
548 1929 578 1988 id
600 1925 720 1988 videtur
750 1929 968 1990 admittendum
996 1931 1028 1990 in
1050 1928 1209 2010 hypothesi

64 2035 203 2113 regionis
225 2035 387 2092 etiamnum
406 2029 560 2110 subjectae
582 2034 705 2110 principi
730 2031 893 2108 catholico,
929 2037 961 2094 ut
987 2037 1018 2092 in
1039 2031 1093 2093 hac
1109 2037 1210 2112 specie

66 2139 208 2195 versatur
230 2151 317 2196 casus
341 2151 504 2213 praescns3-
522 2138 589 2212 quia
609 2133 703 2211 locus,
726 2138 758 2194 in
778 2151 838 2214 quo
859 2138 1078 2196 matrimonium
1101 2139 1208 2196 initum

65 2238 134 2314 i'uit,
159 2237 262 2298 subest
281 2237 357 2300 Duci
374 2235 600 2319 Lothariugiae3
622 2253 662 2296 ex
684 2253 741 2314 qua
761 2241 851 2298 etiam
874 2241 1097 2298 circumstantia
1121 2237 1209 2316 plane

66 2345 224 2419 sequitur,
254 2357 444 2418 nequaquam
474 2339 583 2400 ihidem
606 2337 739 2400 defuisse
763 2351 866 2402 verum
900 2337 1077 2418 parochum,
1109 2357 1209 2402 coram

66 2461 130 2522 quo
162 2446 380 2504 matrimonium
412 2439 546 2504 contrahi
578 2444 739 2520 potuissem
773 2461 841 2504 cum
876 2449 974 2504 tarmen
1003 2460 1043 2502 ex
1075 2441 1208 2522 diverso,

67 2545 119 2606 uhi
145 2563 200 2606 nec
221 2543 403 2624 Episcopus,
427 2561 484 2606 uec
505 2542 651 2622 parochus
674 2540 843 2606 Cadnoiicus
866 2549 990 2622 existat,
1016 2544 1082 2619 vel,
1112 2547 1149 2604 iis
1172 2541 1211 2606 oh

68 2653 183 2708 metum
205 2645 378 2724 latentibus,
401 2651 569 2728 ignoretur,
593 2662 722 2728 quonam
746 2647 813 2708 loco
836 2651 904 2725 sint,
929 2646 978 2708 vel
995 2647 1033 2710 ad
1057 2664 1110 2708 eus
1128 2651 1210 2710 tutus

70 2767 133 2810 non
165 2755 263 2828 pateat
295 2765 453 2827 accessus,
489 2755 560 2810 tune
591 2754 811 2816 matrimonium
842 2749 942 2812 valere
974 2753 1065 2814 etiam
1098 2749 1210 2830 absque

68 2857 248 2933 praesentia.
263 2851 399 2932 parochi,
425 2851 515 2914 modo
538 2858 687 2930 servetur,
711 2859 854 2933 quantum
877 2856 1074 2932 caeteroquin
1096 2858 1208 2932 potest,

68 2959 286 3035 praescriptum
300 2953 434 3030 Concilii,
458 2953 599 3016 videlicet
621 2954 762 3018 adhibitis
781 2956 886 3018 saltem
910 2953 1027 3016 duobus
1049 2961 1100 3018 aut
1118 2955 1211 3017 tribus

70 3057 208 3134 testibus,
234 3061 384 3120 censuerit
405 3053 478 3118 Ven.
502 3055 588 3124 Gard.
611 3057 765 3132 Bellarm.;
789 3063 878 3138 atque
903 3056 942 3118 ita
966 3061 1056 3120 etiam
1080 3075 1210 3140 raspon-

71 3161 115 3222 dit
138 3157 212 3222 haec
235 3158 264 3222 S.
289 3159 319 3220 G.
344 3159 394 3220 die
418 3157 469 3222 26.
493 3158 573 3238 Sept.
600 3158 682 3224 1602
708 3165 739 3220 et
761 3159 812 3224 27.
835 3159 922 3223 Mart.
948 3155 1041 3225 1632.
1124 3221 1127 3225 .

157 3264 198 3326 At
215 3263 406 3327 nihilominus
420 3261 659 3326 consideratione
678 3262 806 3324 tortasse
822 3262 948 3344 dignum
967 3259 1096 3340 videtur,
1120 3260 1211 3344 quod,

72 3370 192 3430 etiarnsi
215 3372 247 3427 in
270 3366 320 3428 tati
342 3367 409 3428 loco
431 3369 470 3426 sit
492 3361 656 3443 parochus,
682 3362 732 3426 liic
756 3371 854 3428 tamen
876 3367 1019 3426 assistere
1041 3381 1101 3426 non
1124 3363 1214 3426 dehet

73 3475 273 3561 matrimonio,
299 3469 346 3529 vei
367 3471 446 3532 inter
468 3466 645 3546 haereticos,
677 3468 724 3528 vei
747 3473 826 3528 inter
847 3465 1033 3532 haereticum
1056 3471 1086 3528 et
1107 3463 1214 3528 catho-

73 3574 164 3634 licum
186 3576 356 3646 contracto,
389 3575 421 3630 ut
442 3573 596 3650 rescripsit
617 3567 692 3630 haec
714 3568 743 3630 S.
768 3567 799 3630 G.
829 3568 879 3630 die
901 3566 951 3630 22.
975 3567 1047 3630 tutti
1079 3561 1161 3630 1624
1182 3571 1214 3631 in

70 3676 148 3759 hacc
170 3675 276 3736 verba:
319 3671 414 3751 „Sive
443 3673 519 3734 atter
550 3677 663 3732 tanturn
694 3687 732 3730 ex
762 3670 941 3753 conjugibus
963 3674 1002 3730 sit
1031 3668 1213 3758 haereticus,

73 3784 139 3842 sire
161 3777 454 3854 arnho,.nttliateuus
472 3775 582 3838 debere
603 3771 763 3853 parochum
781 3771 1000 3837 haereticorum
1018 3775 1214 3837 matrimoniis

74 3885 233 3955 assistere3
257 3886 289 3940 et
308 3884 340 3942 in
362 3879 457 3942 dubio
474 3875 585 3941 Jurisd.
609 3875 720 3954 Capeti.
743 3881 894 3939 exercitus
916 3874 964 3936 die
983 3873 1014 3939 6.
1029 3873 1113 3940 Mart.
1132 3869 1214 3938 1691

74 4002 143 4047 oum
170 3988 356 4064 propositum
386 3981 496 4061 inerit,
527 3998 567 4042 an
595 3979 741 4060 capellani
764 3977 906 4044 Cathohoi
935 3982 1077 4042 assistere
1099 3980 1215 4070 possint

947 4080 1009 4152 24*
