2746 4646
189 172 250 242 138
431 190 469 244 lla
486 189 671 258 inpedimentis
694 190 881 248 naunnooiau
903 188 1087 248 iia-mutua.

185 335 248 412 ιιιιιι
271 349 540 429 consanguinitatis
571 351 730 430 aggravari
770 365 810 410 ex
839 347 993 429 multiplici
1027 353 1168 432 sanguini
1198 354 1328 432 propin-

186 453 323 530 omnies,
348 467 425 529 quae
447 453 527 512 inter
549 449 670 516 easdem
694 467 839 531 personas
865 470 905 514 err
922 450 1034 531 duplici
1058 452 1219 519 ueletiam
1244 453 1328 516 mul-

125 633 126 636 ,
186 554 279 634 tlplici
300 557 401 634 stipite
421 557 492 616 oriri
516 557 624 633 potest,
646 571 675 614 v.
699 572 730 636 g.
747 557 778 616 'sl
802 553 861 618 duo
884 554 991 618 finires
1014 553 1089 618 duas
1117 554 1247 620 luminas
1269 557 1327 619 sibi

185 661 404 740 consangineas
426 655 545 734 ducant,
569 654 654 721 libert
677 674 716 718 ex
739 661 867 738 utroque
897 661 1088 722 matrimonio
1108 663 1326 739 provenientes

185 759 353 840 dupliciter,
376 759 519 823 uidelicet
551 777 591 823 ex
619 764 770 824 communi
799 764 901 841 stipite
936 765 1063 841 patrum,
1103 767 1135 822 et
1172 767 1326 826 communi

185 867 285 943 stipite
308 869 445 940 matrum,
482 867 561 926 inter
587 881 621 926 se
661 867 750 926 erunt
779 861 1038 946 consanguinei.¹)
1093 863 1128 939 5)
1158 863 1243 942 lllos,
1274 869 1328 945 qui

185 971 316 1030 scienter
337 971 369 1028 in
392 965 533 1050 gradibus
555 965 710 1047 prohibitis
732 970 1014 1048 consanguinitatis,
1030 971 1060 1029 et
1078 965 1231 1033 affinitatis
1250 987 1330 1030 con-

186 1068 306 1133 trahere
328 1071 548 1132 matrimonium
572 1087 634 1132 nou
656 1074 809 1146 verentur,
832 1073 988 1133 incurrere
1009 1074 1075 1150 ipso
1095 1070 1173 1136 lacto
1197 1089 1331 1134 excom·

186 1177 417 1237 municationam
446 1189 507 1234 uon
534 1170 758 1248 reservatam.²)
801 1171 847 1244 Ex
881 1173 1055 1236 Tridentino
1086 1180 1184 1236 autem
1214 1191 1330 1254 supra-

186 1275 255 1338 dicti
278 1281 349 1338 auni
370 1274 527 1356 separandi
550 1278 615 1337 siue
637 1275 696 1338 ulla
718 1293 773 1356 spe
794 1273 1071 1356 dispensationis3³t
1095 1294 1182 1358 quum
1199 1295 1329 1357 poenam

186 1382 276 1442 attam
306 1383 465 1442 incurrunt
494 1377 548 1452 illi,
582 1381 632 1459 qui
663 1383 842 1461 ignorarunt
871 1379 994 1460 quidem
1024 1379 1237 1460 impedimenta
1260 1379 1327 1456 illa,

185 1481 239 1544 sed
261 1481 468 1544 solemnitates
491 1484 650 1562 requisitas
673 1486 704 1544 io
727 1480 930 1544 celebratione
963 1483 1149 1563 culpabiliter
1173 1483 1331 1567 neglexe-

184 1590 264 1661 runt,
288 1583 397 1666 quibua
419 1587 510 1646 etiam
532 1588 651 1652 nonnisi
675 1584 836 1650 dilliculier
864 1585 1095 1664 dispensationis
1127 1590 1224 1669 gratia
1248 1603 1333 1648 oon-

186 1687 254 1752 cedi
277 1684 392 1763 soleii)
437 1685 471 1762 6)
493 1685 672 1752 Necessario
703 1705 772 1750 osse
794 1688 1023 1768 exprimendum
1050 1692 1085 1750 in
1117 1689 1196 1752 linea
1223 1694 1333 1753 traus-

185 1807 273 1854 uersa
294 1789 443 1871 inaequali
467 1793 555 1852 etiam
587 1788 714 1873 gradum
744 1795 997 1873 propinquiorem,
1028 1809 1097 1854 cum
1127 1796 1238 1872 petitur
1260 1790 1333 1854 dis-

185 1897 332 1976 pensatio.

242 1985 244 1988 ’
275 1995 322 2062 lil.
344 1996 497 2073 Rationes,
519 1997 627 2078 quibus
649 1999 788 2058 innititur
818 1997 1063 2079 impedimentum
1091 1996 1150 2062 boo
1175 2002 1332 2082 gravissi-

186 2119 277 2179 mum,
301 2105 501 2164 communiter
522 2105 714 2184 assignantur
735 2107 911 2182 sequentes:

274 2204 305 2278 l)
328 2209 397 2285 qula
419 2204 488 2270 finis
510 2209 691 2268 matrimonii
720 2222 774 2285 per
795 2223 829 2268 se
852 2210 882 2267 ei
911 2206 1007 2283 primo
1035 2209 1081 2266 cst
1108 2203 1221 2266 bonurn
1242 2224 1330 2285 pro-

184 2309 235 2384 lis,
258 2308 337 2389 quod
361 2307 481 2388 quidem
505 2327 558 2388 por
587 2310 875 2391 consanguinitatem
907 2305 1078 2386 impeditur,
1114 2325 1176 2372 nou
1199 2308 1329 2388 quidem

184 2417 218 2475 ut
240 2411 372 2475 totaliter
395 2411 523 2485 tollatur,
546 2409 600 2472 sed
622 2415 655 2471 ut
678 2427 738 2474 uon
761 2411 954 2472 convenienti
978 2407 1066 2472 modo
1091 2409 1161 2485 liai;
1194 2419 1331 2474 nutura-

186 2515 257 2578 liter
279 2518 360 2576 enim
382 2512 472 2576 homo
495 2512 585 2574 debet
606 2512 757 2594 quandam
780 2511 1039 2574 honorificentiam
1062 2513 1256 2594 parentibus,
1294 2521 1327 2576 et

185 2635 242 2700 por
277 2634 467 2698 consequens
497 2615 562 2678 aliis
585 2620 836 2702 consanguinem,
870 2620 921 2697 qui
944 2631 984 2676 ex
1006 2615 1121 2677 eisdem
1146 2615 1325 2695 parentibus

215 2927 237 2992 ¹)
256 2925 325 2978 llaec
344 2929 530 2980 circumstantia
548 2929 692 2978 necessario
710 2925 861 2980 declaranda
880 2937 917 2980 cai
935 2930 960 2980 in
980 2929 1100 2996 petitione
1118 2927 1331 2996 dispensationis.

257 3011 329 3065 Goui.
349 3011 406 3066 Cas.
424 3013 535 3066 lllllllll.

213 3100 236 3166 ¹)
255 3097 334 3151 Glem.
353 3101 379 3150 in
397 3099 428 3151 da
448 3099 572 3168 Gausang.

213 3186 237 3250 ³)
256 3182 334 3236 Gonu
352 3184 416 3237 'lrid
437 3201 499 3238 aeas.
517 3187 560 3236 at.
579 3200 601 3236 c.
619 3187 644 3238 5.

209 3271 234 3338 ⁴)
251 3270 346 3323 Tabula
363 3273 587 3342 consanguinitatis
606 3270 728 3340 graduum
753 3270 849 3322 firmata
872 3287 927 3322 essa
950 3270 1025 3322 debat
1049 3287 1078 3323 ex
1097 3271 1165 3324 libris
1183 3271 1330 3340 baptisma·

255 3357 330 3410 libus.
366 3357 413 3410 Ubi
437 3357 579 3426 hujusmodi
597 3356 662 3418 libri,
682 3359 764 3424 prouti
787 3359 813 3408 iu
832 3356 871 3406 his
889 3357 1035 3426 regionibus
1060 3358 1205 3427 frequenter
1224 3359 1330 3420 accidit,

254 3444 352 3496 consuli
375 3459 426 3496 uon
453 3453 571 3514 possunt,
597 3441 699 3513 quando
725 3442 758 3494 de
783 3443 941 3494 matrimonio
960 3443 1069 3496 ineundo
1088 3447 1186 3513 agitur,
1211 3459 1243 3494 ac
1262 3444 1332 3496 lama

254 3529 302 3582 loci
320 3529 352 3582 de
370 3529 494 3596 ejusmodi
511 3529 691 3597 impedimento
710 3525 781 3578 adeat
798 3535 823 3578 et
841 3537 880 3579 sat
892 3529 1027 3596 probabilia
1046 3547 1101 3582 essa
1120 3529 1227 3591 uidetur,
1251 3528 1331 3594 jura-

255 3624 367 3684 mentum
388 3614 492 3685 quidem
514 3617 712 3684 propinquorum
731 3622 819 3665 contra
842 3614 964 3680 ejusmodi
988 3616 1078 3668 lamam
1102 3614 1217 3668 exbiberi
1237 3624 1332 3683 potest,

254 3702 299 3757 sed
322 3701 412 3772 medus
434 3701 546 3754 delertur
568 3709 620 3754 tota
644 3717 684 3752 ras
708 3700 740 3751 ad
768 3700 928 3768 Episcopum.
952 3729 988 3740 -·-
1010 3719 1031 3753 e.
1057 3717 1164 3770 supereo
1185 3703 1228 3753 22.
1247 3701 1280 3754 X.
1300 3703 1333 3754 de

253 3796 309 3839 test.
332 3797 357 3838 et
379 3793 461 3839 niteat.
485 3787 522 3852 (2.
541 3787 594 3854 20.)
618 3802 675 3856 cap.
700 3787 742 3838 27.
766 3785 796 3837 x.
822 3785 864 3838 lib.
889 3786 914 3838 t.
937 3788 974 3838 tii.
1001 3786 1023 3845 i.
1059 3787 1219 3840 llutrimouio
1245 3797 1331 3841 autem

251 3871 341 3938 juncto
364 3872 440 3941 plana
463 3872 633 3942 impedimenti
656 3870 771 3944 probatio
794 3878 833 3924 esi
855 3869 991 3926 allerccda.
1016 3887 1038 3926 c.
1058 3873 1098 3928 ti.
1116 3871 1147 3925 X.
1171 3873 1204 3926 de
1229 3882 1289 3931 iast.
1308 3883 1332 3928 et

256 3964 337 4012 attasi.
356 3957 371 4010 l.
392 3974 414 4013 c.
432 3960 468 4013 ait
486 3958 528 4012 20.
