2758 4664
175 189 240 264 216
541 206 579 262 lio
597 205 687 264 Gauiis
704 206 936 264 matrimonialibus

175 367 226 432 vol
261 364 437 434 diiiietllinis
470 363 678 445 obtinebatur,
694 365 721 443 ¹)
761 363 850 432 bodie
885 369 987 432 aniona
1029 364 1147 430 facilius
1192 363 1311 441 dispen-

176 464 304 544 satur.²)

263 568 311 630 Vl.
335 568 369 632 in
392 569 583 650 disparitate
606 571 710 634 callus
737 569 911 634 ditantium
944 570 994 632 vel
1019 587 1170 649 nunquam
1195 567 1315 649 dispen-

178 679 270 750 satur,
292 675 350 736 nisi
371 675 404 734 iu
426 671 620 755 regionibus,
644 674 694 736 ubi
719 673 861 738 Catholici
885 677 992 736 vivunt
1014 677 1095 733 iuter
1117 669 1317 750 Non-bapti-

176 783 279 851 zatus,
303 781 335 836 ei
357 776 446 838 otiam
470 779 500 838 in
522 775 567 838 ins
596 776 670 840 loeis
700 776 844 859 gravibus
874 783 987 838 tantum
1018 778 1116 838 causis
1139 778 1171 834 in
1195 771 1319 856 singulis

178 880 315 957 casibus,
348 883 379 939 in
411 877 518 956 quibus
549 878 780 962 dispensandum
811 873 918 958 urit,³)
947 879 976 942 b.
1007 897 1024 940 o
1065 897 1105 939 ex
1128 876 1188 940 illis
1212 879 1318 952 causis,

179 999 256 1064 qnae
278 979 432 1044 sullieiunt
454 979 490 1042 ad
513 980 744 1062 dispensandum
768 986 800 1045 in
823 981 957 1048 secundo
979 981 1076 1067 gradu
1098 982 1319 1062 consanguini-

180 1087 258 1162 tatis,
284 1082 408 1148 cautelis
430 1085 555 1162 insuper
576 1085 676 1146 debito
700 1085 848 1149 adhibitis.

266 1183 329 1246 Vit.
353 1184 385 1248 ln
408 1184 622 1266 impedimento
641 1187 786 1270 publicae
808 1187 979 1250 bonosioiis
1002 1207 1043 1248 ea
1065 1184 1268 1266 sponsalibus
1285 1187 1319 1246 ds

173 1285 285 1368 saturo
307 1285 444 1352 Pontifex
467 1286 641 1370 dispensare
663 1292 740 1356 solet
762 1310 815 1375 pso
839 1293 905 1358 iuro
928 1297 1056 1369 utroque
1079 1306 1118 1350 ex
1135 1291 1245 1369 quavis
1268 1306 1318 1350 ra-

134 1407 141 1424 ·
175 1388 308 1454 tinnabili
345 1407 452 1466 eausn‚·
481 1390 631 1456 dilinitur
661 1410 729 1456 esse
763 1393 881 1456 vidntur
914 1392 1097 1472 dispensatio
1140 1409 1235 1471 snper
1269 1390 1319 1452 bon

175 1490 389 1576 impedimento
412 1509 451 1554 ex
473 1497 661 1558 matrimonio
684 1499 767 1571 saio;
790 1493 870 1576 quoi
892 1500 991 1560 tamen
1014 1511 1084 1558 raro
1106 1492 1242 1558 obvenit.
1251 1491 1279 1567 ⁴)

695 1672 722 1742 ς.
745 1663 799 1730 54,

323 1818 376 1882 Ds
394 1817 587 1882 cessatione
605 1821 877 1900 dispensationis
894 1819 1172 1884 matrimonialis.

261 1967 285 2032 l.
307 1967 373 2032 lam
396 1972 549 2031 innuimus
578 1968 832 2051 dispensationem
847 1984 967 2034 cessare
989 1967 1039 2030 vol
1061 1967 1225 2030 invalidam
1251 1969 1316 2034 lieri

174 2085 237 2134 non
270 2077 382 2133 lanium
415 2069 574 2134 deliciante
601 2073 683 2154 justa
714 2089 822 2148 eausa,
846 2076 990 2156 exparte
1013 2069 1238 2150 dispensantis,
1270 2073 1321 2133 sed

176 2177 265 2238 etiam
288 2191 327 2236 ex
348 2179 434 2260 parta
456 2175 709 2255 dispensationem
732 2177 885 2254 petentis,
911 2173 1013 2237 l'alsam
1037 2189 1157 2236 causam
1181 2172 1315 2256 atingan-

174 2277 216 2337 tis
249 2276 441 2359 (obreptitie)
472 2278 521 2340 vni
551 2276 598 2354 id,
632 2278 712 2360 quini
745 2275 957 2360 imponentium
990 2273 1114 2352 luisset,
1149 2280 1319 2340 amittentis

178 2377 397 2462 (subreptitie.)
442 2377 501 2443 Sed
523 2381 672 2460 reliquum
696 2386 752 2458 esi,
777 2387 809 2441 ut
832 2383 986 2461 spaciatim
1009 2378 1047 2441 de
1070 2379 1321 2441 cessationedis-

176 2487 361 2565 pensatiouis
390 2487 420 2546 in
449 2482 670 2566 impedimentis
700 2485 878 2546 matrimoni
909 2497 1043 2566 agamus.
1096 2479 1174 2544 Hine
1210 2481 1322 2545 dicen-

175 2586 245 2648 dum
269 2593 331 2650 ests

205 2689 237 2768 i)
262 2687 291 2751 Si
314 2705 404 2752 causa
426 2689 525 2770 aifqua
548 2691 578 2750 in
602 2686 820 2769 supplicattouo
843 2705 986 2770 expressa
1016 2691 1056 2750 sit
1079 2687 1168 2762 laisa,
1202 2688 1316 2752 distin-

264 2791 416 2871 queudum
441 2794 497 2867 ssi,
523 2809 592 2852 num
615 2809 649 2852 na
675 2789 841 2871 inspelsloa
864 2795 979 2853 tautum
1004 2791 1145 2853 luoritau
1160 2811 1318 2856 vesoma-

261 2895 326 2955 tioo
347 2899 378 2955 ei
398 2892 514 2972 finalis.
537 2894 574 2956 si
591 2897 735 2976 primam,
760 2892 1124 2974 dispensatiovalidaest;
1147 2898 1179 2956 si
1196 2915 1316 2958 secun-

261 2987 343 3072 dum,
366 3013 406 3058 ex
428 2999 579 3058 conmmni
602 3002 633 3057 et
654 3003 735 3057 cena
759 3000 927 3073 sententia,
952 2997 1017 3078 ejus
1041 2995 1180 3075 falsitate,
1206 3019 1319 3081 quam-

262 3102 309 3159 vis
334 3115 387 3178 pen
407 3099 626 3182 simplieitatem
649 3099 698 3160 val
722 3101 1092 3182 ignorantiamcuiumissa
1115 3103 1163 3178 sii,
1189 3099 1336 3182 dispen-.

263 3205 338 3264 satio
360 3201 496 3265 redditus
516 3204 614 3279 nniia3
637 3199 864 3286 intelligendum
888 3207 988 3264 aulem
1011 3197 1069 3264 hoo
1092 3210 1161 3282 est,
1198 3205 1321 3286 quaudo

264 3321 324 3368 una
355 3303 498 3368 duntaxat
530 3323 619 3370 causa
654 3309 765 3369 mutim
794 3324 849 3370 seu
872 3305 969 3370 linistis
991 3323 1134 3389 expressa
1157 3311 1217 3384 sii3
1251 3327 1321 3372 nam

179 3458 387 3476 -n—-a

203 3549 226 3618 ¹)
244 3549 349 3616 Corrad.
366 3548 409 3604 lib.
427 3552 452 3604 8.
471 3567 493 3604 c.
510 3551 536 3604 8.
554 3567 579 3603 n.
601 3550 640 3604 tt.

202 3636 226 3704 ²)
244 3631 375 3706 Episcopis
393 3638 524 3690 Asinaria-ne
544 3636 648 3688 incultus
672 3645 710 3690 ssi
729 3636 892 3704 dispensandi
916 3639 981 3692 inies
998 3636 1126 3692 levantem
1151 3647 1178 3691 st
1196 3637 1321 3692 levatum.

246 3723 354 3775 lienisiels
372 3722 447 3774 thoul.
469 3739 530 3774 num
550 3729 566 3775 i.
585 3723 609 3774 3.
628 3732 657 3775 tn.
677 3726 718 3776 ⁴22.
738 3740 760 3774 n.
781 3725 839 3776 att.

200 3810 225 3876 ³)
242 3809 350 3862 Ksnscls
369 3809 417 3860 io
443 3808 501 3860 vida
520 3809 585 3860 duta
604 3810 635 3861 sle
654 3809 833 3876 impedimento
851 3811 944 3862 mimae
960 3808 1097 3878 religionis.

202 3892 225 3962 θ)
244 3893 324 3946 Canis
342 3896 518 3964 ioquin-mium
538 3905 575 3947 est
595 3899 619 3946 in
640 3897 680 3946 inii
699 3911 769 3953 ausu,
790 3912 848 3946 num
868 3897 970 3947 ibrsitan
989 3903 1090 3964 praeter
1109 3895 1319 3964 impedimentum

246 3979 364 4047 publicas
382 3983 520 4036 honestatis
539 3991 613 4034 aiam
631 3982 713 4034 obstet
731 3981 838 4033 allusitas
857 3997 888 4036 ex
906 3983 997 4051 copula
1017 3981 1107 4034 iiticiu.
1132 4043 1136 4048 .
