2746 4646
295 180 535 250 compartum
552 184 738 238 mammem
756 181 940 238 urm.
1135 160 1199 230 166

54 343 207 418 potestate
229 337 471 413 emordicaret,
503 345 554 402 aut
576 338 683 402 saltem
705 357 745 400 ex
775 337 994 404 consuetudine
1011 338 1076 419 jana
1097 340 1199 412 intro-

55 440 203 519 ducta¹);
227 439 298 530 ¹hac
326 446 427 506 umen
458 443 681 524 dispensatione
711 461 771 508 oon
805 443 917 506 toll1tur
946 440 1192 521 impedimentum

54 542 212 608 affinitatis
233 543 331 624 quoad
345 549 575 623 matrimonium,
592 545 734 608 deiuncto
756 548 898 629 conjuge,
919 538 1200 618 centunculum)-

146 645 317 723 Owett'ta:
687 671 691 676 ·

148 749 319 826 Quaeritur
353 744 410 824 1⁰).
454 748 504 812 An
535 753 567 812 in
604 754 691 813 tertio
723 757 754 814 et
784 756 891 832 quarto
921 750 1017 834 gradu
1046 746 1200 815 affinitatis

55 859 142 915 ortae
164 871 204 914 en
220 852 326 933 copula
347 852 450 918 illicita
474 856 563 914 etiarn
586 855 669 916 licite
686 856 780 933 possit
797 856 1021 917 matrimonium
1041 850 1200 917 manahat

56 963 89 1038 lp.
116 956 246 1018 liubiorn
268 955 326 1018 lace
347 956 474 1022 resolvit
496 955 606 1022 SePius
626 955 658 1020 V.
683 956 790 1033 „Motu
799 960 940 1037 proprio,
964 941 1055 1036 incip.
1078 954 1200 1018 arao·

55 1063 204 1124 monam‘
226 1059 322 1136 edito,
354 1059 405 1122 ubi
427 1075 573 1137 expresse
596 1057 782 1138 declaratur,
813 1059 910 1122 libere
933 1065 964 1121 et
983 1061 1067 1122 licite
1088 1062 1120 1120 in
1140 1056 1200 1122 hoe

56 1181 129 1226 casu
152 1179 242 1242 posse
263 1166 486 1236 matrimonium
510 1161 654 1226 contrahi.
761 1153 767 1160 ’

145 1265 317 1340 (temeritm
338 1265 397 1340 2⁰).
442 1264 491 1328 An
513 1265 691 1330 contrahere
712 1269 779 1328 sinc
801 1264 1023 1344 dispensatione
1043 1268 1199 1326 matrimo·

56 1373 140 1430 nium
165 1372 289 1447 possint,
313 1385 541 1448 quinumunus
563 1373 596 1430 in
620 1372 718 1441 tertio,
742 1373 793 1430 out
810 1373 926 1448 quarm,
951 1367 1026 1432 aller
1048 1372 1079 1428 in
1102 1370 1197 1446 primo

55 1469 154 1554 grado
175 1468 327 1532 affinitatis
349 1489 387 1532 ox
416 1470 522 1552 copula
548 1471 652 1534 illicita
674 1477 760 1534 ortae
791 1477 838 1534 est
864 1472 999 1550 positam?
1044 1477 1077 1550 lp.
1100 1469 1199 1534 Altic-

55 1579 179 1650 mative,
202 1577 292 1652 atquc
313 1577 354 1634 ita
379 1577 454 1634 teste
478 1572 630 1651 Corrado,
654 1575 703 1638 lib.
728 1578 757 1638 7.
780 1593 862 1656 prax.
886 1573 962 1654 disp.
983 1593 1012 1636 c.
1037 1573 1066 1636 2.
1091 1589 1119 1636 n.
1144 1568 1196 1636 26.

56 1683 85 1738 et
108 1677 161 1739 27.
186 1681 339 1754 receptum
363 1680 394 1736 in
415 1679 500 1755 praxi
523 1683 553 1738 et
574 1677 736 1740 stabilitum
759 1683 806 1738 est
829 1676 962 1756 plurilus
984 1677 1198 1740 declarationi·-

55 1780 111 1842 bus
135 1778 166 1842 S.
190 1778 338 1862 Congreg.
371 1778 456 1842 Gard.
486 1778 575 1842 Gonc.
619 1778 704 1840 Ratio
733 1786 796 1858 est,
832 1783 925 1858 quia,
959 1797 1027 1842 cum
1057 1778 1197 1842 distantia

59 1887 354 1966 consanguineorum
393 1888 424 1946 et
460 1879 593 1943 affinium
636 1888 667 1944 in
702 1882 781 1946 linea
820 1882 971 1963 inaequali
1016 1887 1150 1944 sorciatur
1179 1899 1198 1943 a

55 1987 196 2048 distantia
223 1989 394 2048 remotioris
424 2005 440 2046 a
471 1988 589 2065 stipite,
619 1983 664 2061 hi,
698 1984 866 2066 dequibus
895 1983 945 2049 hio
973 1988 1108 2065 quaestio
1139 1989 1196 2061 est,

55 2107 163 2150 revera
187 2093 267 2150 inter
289 2105 322 2150 se
344 2087 455 2150 distant
479 2092 577 2165 tertio,
602 2093 654 2150 aut
675 2093 782 2168 quarto
804 2087 912 2171 gradu.

144 2191 315 2265 Quaeritur
337 2187 395 2260 3⁰).
441 2190 487 2254 Ad
518 2207 606 2270 quem
629 2191 756 2273 gradum
778 2191 937 2254 inducatur
958 2187 1112 2252 affinitatis
1134 2192 1197 2249 im-

55 2294 260 2374 pedimentum
283 2309 322 2354 ex
344 2293 450 2373 copula
472 2297 551 2356 inter
581 2293 648 2356 illos
676 2294 789 2373 habita,
822 2311 948 2375 quornm
971 2288 1200 2356 matrimonium

55 2401 100 2458 est
121 2395 310 2458 invalidum?
354 2403 388 2476 lp.
411 2395 550 2460 Affinilas
572 2417 610 2458 cx
635 2402 823 2460 matrimonio
845 2395 976 2460 invalido
999 2401 1064 2458 orta
1080 2393 1193 2459 dirimit

56 2503 277 2564 matrimonium
293 2517 388 2580 osque
410 2499 446 2560 ad
464 2507 600 2579 quartum
613 2501 750 2582 gradum,
776 2505 864 2580 prout
880 2499 1007 2562 afficias
1030 2515 1070 2560 ex
1091 2496 1193 2560 valido

55 2605 248 2664 matrimonio
264 2607 454 2682 proveniens,
477 2621 516 2664 ex
538 2602 740 2666 declaratione
756 2603 786 2666 S.
798 2602 829 2666 G.
846 2601 877 2668 G.
901 2599 931 2664 3.
945 2599 1085 2664 Decemb.
1104 2596 1197 2674 loon

54 2708 161 2784 excipe
186 2712 284 2768 lamen
317 2705 348 2780 1)
370 2711 396 2766 si
420 2709 640 2768 matrimonium
664 2707 778 2770 nullum
807 2705 897 2768 fuerit
919 2721 959 2766 cx
980 2703 1196 2782 impedimento

51 2812 255 2888 impotentiae,
280 2825 339 2887 quo
361 2811 392 2867 in
416 2825 487 2870 casu
511 2809 591 2870 nulla
616 2813 738 2892 exurgit
760 2808 896 2884 allinitas,
922 2807 957 2871 2l
982 2811 1006 2866 si
1031 2804 1194 2870 irrvalidum

53 2911 141 2972 luerit
173 2927 213 2972 cx
242 2909 456 2990 impedimento
488 2909 755 2990 clandestinitatis,
789 2931 856 2974 cum
887 2912 1075 2974 matrimonia
1105 2907 1193 2969 clan-

52 3014 169 3076 destina
199 3030 271 3076 non·
288 3012 416 3074 habeant
447 3017 592 3074 rationem
623 3018 805 3078 matrimonii
837 3014 962 3093 publici,
993 3011 1124 3092 indeque
1154 3028 1195 3095 eu

51 3121 86 3179 iia
109 3115 239 3182 affinitas
270 3133 365 3196 usqua
388 3114 426 3178 ad
449 3114 613 3178 seeundum
638 3123 750 3180 lanium
774 3117 863 3180 modo
885 3116 1029 3199 gradum,
1052 3119 1132 3180 sicut
1153 3131 1192 3176 arr

52 3220 158 3301 copula
179 3220 292 3296 illicita,
314 3213 501 3298 procedal3).

52 3393 257 3403 -—-—-——-——

166 3407 170 3418 n

78 3518 100 3585 1)
120 3517 145 3569 S.
164 3516 238 3584 Alph.
256 3515 308 3586 Lig.
327 3515 344 3568 i.
362 3531 384 3568 e.
402 3531 426 3566 n
446 3515 487 3568 69.

78 3605 100 3670 ²)
118 3603 218 3671 linopp.
237 3619 263 3670 p.
281 3603 340 3654 als.

81 3691 102 3758 ³)
120 3689 237 3741 instruct.
256 3695 320 3754 past.
338 3683 409 3753 Eyat.
428 3705 452 3754 p.
472 3687 529 3740 aot.
565 3686 664 3755 Knopp.
683 3705 707 3756 p.
728 3689 785 3740 213.
804 3719 837 3728 -
855 3687 984 3758 Pignalelli
1004 3696 1020 3740 t.
1039 3691 1062 3740 4.
1082 3687 1189 3740 consuli.

119 3777 159 3828 15.
177 3776 255 3827 relect
277 3773 474 3826 declarationem
493 3775 516 3824 3.
536 3771 590 3825 Oct.
611 3774 692 3839 1667,
717 3793 782 3845 qnae
800 3776 871 3840 dicii;
908 3775 952 3839 „Si
976 3774 1084 3825 adiuerit
1106 3774 1189 3844 ligura

118 3863 279 3922 matrimonii,
303 3877 333 3912 ax
357 3859 462 3927 copula,
489 3859 545 3910 licet
570 3859 669 3926 illicita,
693 3863 718 3912 in
738 3863 780 3924 tali
798 3864 955 3921 matrimonio
979 3859 1077 3932 habita,
1095 3863 1189 3920 orietur

118 3947 224 4000 alfiuitaa
243 3963 324 4019 usquc
342 3945 374 3998 ad
392 3955 510 4022 quartum
527 3945 662 4022 produnt&
