2736 4660
603 249 684 306 Galus
702 211 909 308 matrimoniales

629 497 752 560 casus
775 497 864 561 XXV.

529 615 779 742 &devotum
798 667 963 728 solemne.

265 823 373 886 Comes
395 817 537 882 Albertus
559 819 639 882 Boua
662 827 769 884 aetatis
791 837 938 885 annorum
962 821 1177 903 quadraginta,
1201 825 1234 880 et
1255 820 1317 882 Go-

181 929 295 989 mitissa
317 921 477 985 Benedicta
502 921 603 984 Verlid
625 941 770 986 annorum
794 927 899 1006 viginti
923 930 1052 1004 quatuor
1074 928 1196 986 circiter
1219 920 1318 982 Vero-

179 1023 290 1092 nenses
312 1031 378 1109 posi
401 1025 513 1106 aliquot
536 1041 631 1088 annos
654 1028 799 1112 conjugii,
826 1043 866 1086 ex
888 1043 947 1105 quo
970 1026 1084 1105 prolem
1107 1030 1315 1105 susceperunt,

179 1131 216 1193 ad
239 1129 370 1192 melioris
392 1133 471 1192 vitae
493 1127 612 1211 frugem
637 1133 763 1190 transire
778 1133 944 1208 cupientes,
967 1128 1173 1206 supplicarent
1187 1125 1318 1190 Sinctis·

179 1239 257 1296 simo
278 1247 333 1313 pro
361 1237 528 1312 opportuno
557 1231 762 1310 beneplacito,
795 1237 827 1292 ut
850 1233 896 1290 vir
923 1235 1036 1292 statum·
1056 1232 1223 1311 presbyteri
1247 1247 1319 1291 sae-

179 1335 288 1398 cularis
317 1334 472 1415 amplecti,
508 1349 584 1396 uxor
609 1349 684 1394 ¹vero
706 1332 852 1394 solemnia
883 1339 952 1394 rota
982 1337 1012 1394 in
1041 1336 1139 1416 aliqua
1168 1333 1318 1415 religione

179 1431 315 1500 emittere
337 1439 461 1518 possint.
504 1434 611 1496 Preces
633 1433 803 1516 hujusmodi
827 1432 897 1494 lrulc
914 1433 943 1496 S.
962 1435 993 1498 Ο.
1019 1435 1139 1499 luerunt
1161 1440 1317 1511 remissae,

180 1559 197 1602 a
219 1557 287 1622 qua,
311 1538 411 1602 audito
434 1537 595 1619 Episcopo,
621 1536 768 1615 duplicem
790 1541 849 1598 iste
871 1542 1011 1616 proponit
1032 1538 1238 1600 dillrcultutem
1263 1535 1318 1598 ad-

181 1661 289 1706 versus
310 1642 464 1707 &aterum
487 1643 663 1702 instantiam.

115 1725 122 1734 ⁸
266 1745 370 1808 Priruu
392 1763 431 1808 ex
452 1761 506 1822 eo,
530 1741 609 1824 quod
633 1759 692 1804 non
716 1745 864 1822 uterque,
887 1741 941 1804 sed
965 1747 1077 1804 tantum
1101 1759 1178 1804 uxor
1201 1743 1265 1804 uult
1287 1747 1318 1802 in

181 1850 331 1932 religione
352 1848 503 1928 profiteri,
532 1852 597 1910 viro
620 1851 760 1906 manente
782 1849 813 1904 in
835 1845 975 1922 saeculo,
999 1843 1078 1926 quod
1109 1851 1190 1914 esset
1213 1851 1319 1908 contra

179 1971 204 2015 s.
227 1951 346 2014 Parrum
367 1954 616 2024 constitutionem
633 1948 721 2028 juxta
744 1965 818 2028 quus
840 1951 898 2008 ista
915 1949 1120 2025 permanentia
1143 1951 1173 2008 in
1196 1947 1320 2010 saeculo

178 2070 239 2116 nou
260 2057 441 2134 permittitur
462 2052 548 2114 alteri
569 2068 610 2112 ex
631 2049 810 2132 conjugibus
817 2094 827 2128 ,
852 2053 909 2110 nisi
930 2053 962 2110 in
985 2068 1021 2112 ea
1043 2055 1141 2111 aetate
1164 2057 1257 2128 esset,
1288 2055 1318 2112 in

177 2173 236 2236 qua
258 2153 357 2217 nullus
379 2152 497 2218 adesset
520 2158 609 2216 tiuror
630 2156 876 2230 incontinentiae,
900 2157 930 2212 et
953 2152 1078 2214 ulterius
1100 2157 1202 2214 votum
1226 2159 1321 2214 casti·

177 2261 246 2322 tatis
268 2261 425 2322 emitteret.
470 2255 581 2320 Altero
606 2258 829 2318 circumstantia
851 2251 1009 2316 Oratorum
1033 2255 1172 2334 precibus
1195 2255 1320 2318 obstans

178 2363 315 2426 consistit
343 2376 434 2439 super
455 2360 614 2420 existentia
638 2356 730 2436 prolis
752 2354 848 2418 adhue
871 2361 902 2418 ln
933 2356 1059 2418 infantili
1083 2363 1197 2435 aetate,
1233 2361 1322 2442 cujus

177 2467 335 2543 propterea
357 2477 460 2524 euram
491 2463 815 2540 praetermitteremus
837 2459 908 2522 licet
930 2458 968 2522 ob
994 2462 1167 2544 ingressum
1188 2466 1222 2523 in
1244 2463 1322 2526 reli-

176 2568 318 2649 gionem,
342 2562 373 2628 S.
397 2563 500 2626 riom.
523 2561 553 2624 2.
576 2563 608 2624 2.
638 2565 751 2642 quaest.
777 2559 847 2626 101.
872 2581 898 2626 a.
924 2563 952 2626 2.
982 2562 1018 2624 ad
1047 2562 1095 2640 2.)
1123 2569 1153 2634 et
1180 2569 1322 2646 quamvis

176 2685 218 2730 ex
238 2665 547 2732 commemorare
577 2665 735 2742 limitetur,
767 2664 888 2746 quando
918 2683 1009 2726 curae
1040 2665 1167 2728 filiorum
1198 2669 1322 2732 aliunde

177 2769 329 2850 provideri
351 2771 455 2850 possit,
480 2772 513 2830 ai
535 2771 616 2830 esset
638 2772 669 2828 in
684 2786 767 2846 casu,
790 2771 815 2828 si
838 2767 881 2828 illi
899 2775 1091 2832 remanerent
1113 2769 1191 2855 spud
1209 2777 1319 2850 aviam,

179 2872 228 2936 vel
249 2878 388 2954 patruos,
411 2887 487 2951 quos
508 2869 630 2946 hebeat3
661 2875 866 2954 requireretur
888 2876 988 2936 tamen
1011 2889 1190 2936 consensus¹
1203 2892 1321 2938 eorun-

178 2971 246 3034 dem
270 2980 440 3056 patruorum
471 2973 644 3052 velarine,
675 2981 706 3036 et
727 2974 806 3055 quod
831 2991 870 3036 err
903 2975 951 3036 tali
986 2973 1165 3039 educatione
1188 2977 1319 3044 liliorum

173 3066 321 3176 'conditio'
334 3075 465 3139 deterior
487 3091 547 3136 non
570 3075 666 3140 fieret.
750 3137 753 3142 .

263 3179 380 3242 Primae
402 3197 441 3240 err
463 3177 686 3244 difficultatibus
709 3199 763 3264 per
784 3179 926 3254 Oratores
954 3183 1172 3262 respondetur,
1201 3187 1321 3244 eonsti-

180 3285 311 3344 tutiones
324 3283 357 3345 s.
370 3281 486 3344 Petrum
508 3283 602 3366 loqui,
625 3283 720 3346 altero
743 3283 780 3344 de
802 3283 980 3368 conjugibus
996 3289 1170 3347 remanente
1193 3289 1224 3346 in
1248 3303 1321 3348 sae—

172 3383 248 3448 ‘eulu
271 3389 302 3446 in
325 3387 404 3446 statu
426 3386 538 3465 laicali,
564 3405 620 3448 nec
641 3371 791 3468 applicari,
814 3385 936 3466 quando
953 3391 999 3448 vir
1021 3387 1085 3449 vult
1106 3387 1187 3448 cilici
1211 3405 1321 3451 saeer-

171 3486 243 3571 ⁸dos.
268 3483 316 3562 (C.
330 3473 517 3572 conjugatus,
542 3493 584 3552 tii.
601 3507 739 3553 convers.
764 3489 952 3572 conjugum.)
996 3489 1062 3562 Quo
1080 3508 1154 3553 vero
1177 3491 1214 3552 ad
1228 3496 1320 3552 exis-

171 3587 303 3654 tentiam
317 3589 455 3668 liliorum,
477 3595 567 3654 istum
589 3609 688 3674 neque
703 3590 823 3654 obstare
840 3591 1058 3672 praetenditur,
1082 3611 1119 3655 eo
1136 3594 1217 3674 quod
1229 3597 1321 3656 unica

179 3699 311 3776 supersit
332 3693 411 3771 lilla,
434 3699 481 3757 eui
504 3699 577 3757 satis
601 3699 752 3775 provisum
776 3693 939 3774 videretur,
971 3699 997 3758 sl
1021 3694 1070 3757 vel
1093 3701 1266 3760 remaneret
1287 3701 1320 3758 in
1364 3721 1365 3758 r

180 3797 301 3860 saecula
323 3812 417 3880 penes
439 3802 570 3878 patrem,
594 3798 643 3859 vel
664 3797 875 3881 ingrederetur
897 3803 1113 3862 monasterium
1136 3799 1227 3862 simul
1250 3819 1319 3863 euru

181 3893 372 3963 matrel’ro
394 3902 577 3964 resolutione
599 3904 794 3982 quaestionis,
819 3917 857 3962 an
879 3899 1007 3963 sufficiat
1030 3906 1137 3964 marito
1159 3918 1320 3966 remanere

181 4006 213 4064 irr
241 4001 362 4064 saeculo
380 4008 422 4070 lu
451 4009 530 4067 statu
562 4003 753 4084 sacerdotali,
784 4021 821 4066 an
849 4019 923 4065 vcro
951 4009 1121 4092 requiratur
1142 4010 1318 4090 assumptio
