2758 4664
187 216 253 288 226
422 220 428 238 ’
573 233 611 290 iio
633 232 724 290 matu
739 233 970 291 maimoniafflm.

214 394 249 474 2)
272 393 361 456 debet
381 397 517 458 oratores
544 393 703 456 absolvere
725 412 742 456 a
764 399 920 474 censuris,
943 397 1119 474 praesertim
1141 397 1169 456 si
1191 391 1312 472 dispen-

271 502 353 560 setur
389 513 480 577 super
516 495 730 574 impedimento
769 495 1045 580 Consanguinitatis
1083 503 1114 558 et
1153 495 1313 558 Affinitatis

192 655 193 658 ,
270 603 356 678 primi
379 603 410 660 et
431 597 555 662 secundi
578 598 706 682 medus,
730 600 835 680 oopuia
857 605 945 662 antea
966 597 1084 679 habita,
1106 603 1178 680 quia
1199 599 1246 662 iiii
1266 603 1313 660 in-

270 707 394 764 currunt
433 707 773 764 excommunicationem
814 720 868 782 per
910 702 1035 764 Constit.
1076 701 1204 786 Gregor.
1243 699 1313 763 XIV.

269 805 380 884 „Sicut
400 807 582 886 autmuur‘ss
606 804 666 870 Cal.
689 805 773 870 idart.
799 802 889 870 1590.
913 804 1039 880 editam;
1069 805 1105 867 ab
1127 805 1194 868 aliis
1216 803 1315 866 absci-

269 913 350 970 vitur
370 908 574 971 tantummodo
597 909 634 970 ad
663 907 803 969 effectum
830 906 1012 970 obtinendae
1039 908 1272 987 dispensationis
1283 904 1314 981 ¹).

216 1007 456 1090 3)Dispensans
493 1015 605 1074 intuitu
643 1011 873 1090 dispensationis
912 1029 972 1074 non
1004 1015 1102 1091 potest
1139 1009 1312 1092 quidquam,

270 1117 359 1178 etiam
381 1120 487 1194 sponte
510 1115 640 1178 oblatum
654 1117 801 1194 accipere,
824 1113 879 1178 sub
902 1117 1212 1178 excommunicatione
1241 1111 1313 1172 tatae

271 1220 445 1280 sententiae,
469 1217 607 1280 Notarius
624 1222 723 1280 tamen
746 1233 800 1296 pro
817 1215 1022 1280 examinandis
1046 1215 1172 1278 testibus
1194 1219 1226 1275 et
1250 1215 1313 1276 aliis

269 1318 528 1384 informationibus
571 1325 708 1400 accipere
731 1325 829 1399 potest
851 1326 985 1402 quartam
1009 1324 1121 1398 partem
1144 1321 1231 1380 aurei
1239 1313 1278 1394 ²).

206 1418 241 1498 4)
263 1419 294 1485 Si
317 1427 493 1485 examinatis
516 1423 638 1500 litteris,
670 1429 700 1484 et
723 1427 849 1485 veritate
872 1441 1009 1502 precum,
1040 1421 1153 1483 nullum
1177 1424 1316 1502 appareat

270 1524 737 1606 dispensationisimpertiendae
770 1527 972 1604 obstaculum,
997 1523 1150 1586 Executor
1179 1541 1315 1604 pronun-

269 1628 352 1690 tiabit
383 1645 467 1692 suam
503 1633 699 1706 sententiam,
730 1647 787 1710 qua
816 1629 948 1692 declaret
971 1633 1005 1690 in
1036 1631 1174 1708 scriptis,
1206 1643 1312 1707 preces

271 1749 339 1793 esse
366 1729 544 1813 verificatas,
573 1738 604 1792 et
632 1731 815 1812 dispensabit
841 1733 928 1812 juxta
963 1732 1088 1794 formam
1123 1734 1264 1810 rescripti
1273 1725 1314 1806 3);

270 1833 451 1913 dispensatio
473 1835 522 1897 ilia
544 1841 682 1897 accurate
695 1835 890 1914 describatur,
914 1852 950 1897 ae
971 1840 1168 1897 conservetur
1189 1833 1227 1896 ad
1244 1851 1315 1914 pro-

270 1935 396 2008 bandam
419 1941 647 2000 eanonieitatem
670 1939 861 2002 matrimonii.

270 2037 307 2102 ii.
330 2038 450 2103 Sivero
469 2040 652 2121 dispensatio
664 2040 846 2104 concedatur
866 2046 898 2102 in
914 2039 1009 2103 forma
1026 2057 1200 2120 pauperum,
1226 2057 1315 2120 prae-

185 2141 332 2205 terdicta
361 2147 484 2224 insuper
513 2143 587 2206 haec
615 2143 801 2224 particularia
830 2151 900 2206 sunt
928 2164 945 2206 a
972 2143 1112 2227 delegato
1142 2143 1198 2206 sub
1221 2161 1315 2224 poena

186 2247 331 2310 nuditatis
351 2246 554 2311 observandae

216 2348 251 2425 1)
272 2348 403 2414 Parocho
425 2355 578 2414 oratorum
600 2356 669 2414 ante
692 2355 792 2414 omma
814 2349 977 2428 mandabit,
1007 2356 1040 2414 ut
1062 2357 1198 2414 oratores
1228 2367 1319 2431 sepa-

271 2457 393 2532 rentur,
423 2469 464 2514 ne
491 2457 548 2534 ipsi
577 2458 610 2514 in
639 2460 762 2535 peccato
792 2459 1002 2532 perseverent3
1035 2453 1073 2515 de
1106 2473 1165 2535 qua
1196 2453 1317 2534 quidem

271 2561 458 2636 separatione
488 2556 608 2636 parochi
637 2561 668 2618 in
698 2561 772 2619 actis
807 2555 896 2618 iidem
924 2555 1070 2618 exhibere
1098 2563 1257 2632 tenentum
1294 2561 1319 2618 si

272 2659 399 2722 amate
420 2659 475 2721 bac
497 2663 695 2739 separatione,
718 2660 767 2721 vel
790 2666 859 2722 ante
880 2659 1034 2722 obtentum
1053 2657 1207 2722 decretum
1231 2660 1318 2740 hujus

270 2763 500 2844 dispensationis
537 2767 671 2826 oratores
707 2762 806 2825 denuo
840 2781 874 2825 se
909 2763 1068 2826 carnaliter
1103 2769 1318 2847 cognoverint,

272 2883 346 2946 opus
380 2873 443 2946 est,
475 2872 508 2929 ut
540 2867 686 2946 diximus,
721 2883 799 2930 nora
828 2865 1050 2947 dispensatione
1078 2883 1136 2930 seu·
1165 2865 1319 2947 „Perinde

271 2966 446 3048 eatae‘i).

257 3169 345 3221 preces
369 3157 474 3206 veritate
491 3155 535 3206 uiti
559 3155 718 3222 repereris“;
741 3157 766 3204 in
789 3155 870 3221 primo
892 3167 954 3204 casu
978 3151 1189 3220 dispensationem
1209 3154 1320 3207 validam

256 3239 365 3304 babent,
388 3239 522 3294 dummodo
540 3257 581 3292 res
600 3244 634 3291 ita
652 3243 698 3304 sit,
721 3241 775 3290 sine
798 3241 1005 3308 investigatione,
1030 3253 1119 3305 secus,
1144 3242 1172 3292 in
1197 3241 1318 3294 secundo.

257 3325 396 3396 Schmalzg.
414 3327 430 3378 l.
449 3343 470 3379 c.
489 3344 514 3379 n.
532 3329 574 3380 22.
592 3327 693 3395 Knopp.
712 3325 770 3377 499.
887 3369 888 3374 ,

216 3410 238 3477 ¹)
256 3411 395 3481 Scbmalag.
412 3413 429 3466 i.
447 3429 470 3464 c.
488 3429 513 3466 n.
533 3412 591 3464 221.
1011 3455 1012 3458 ,
1153 3476 1155 3480 .

215 3497 237 3564 ²)
257 3497 359 3550 Corrad.
376 3498 418 3550 lib.
437 3501 461 3551 7.
479 3516 501 3551 e.
520 3500 544 3550 6.
562 3515 587 3549 n.
607 3499 646 3550 id.
666 3498 706 3550 15.
741 3497 813 3554 Ratio
831 3505 883 3560 est,
905 3513 938 3550 ne
959 3495 1038 3562 jadas
1056 3495 1203 3548 amenum
1221 3509 1316 3548 acoe-

257 3593 328 3636 catus
345 3586 430 3654 iuique
447 3585 582 3652 dispenset.
618 3584 708 3636 Sanch.
728 3584 744 3636 l.
762 3585 786 3636 8.
805 3583 829 3635 d.
848 3585 887 3636 35.
907 3599 933 3634 n.
954 3582 995 3634 1³.

216 3668 239 3736 ³)
257 3669 395 3724 Commissa
412 3671 605 3738 dispensationis
623 3673 736 3724 executio
754 3669 913 3737 subdelepari
930 3683 982 3720 non
994 3676 1093 3736 potast3
1113 3665 1218 3722 conae
1234 3666 1279 3719 lib.
1296 3671 1322 3720 7.

258 3772 280 3808 c.
298 3760 321 3810 6.
339 3773 364 3808 n.
382 3758 424 3810 to.
459 3757 652 3826 intelligendum
677 3765 760 3808 autem
781 3755 832 3822 ¹hoc
858 3764 898 3814 est
919 3755 950 3808 da
973 3757 1029 3822 ipso
1052 3755 1187 3806 missatatio
1215 3755 1321 3822 dispen-

257 3843 374 3893 sationis:
399 3859 458 3894 nam
475 3859 522 3910 pro
541 3842 662 3911 capienda
680 3843 856 3894 informatione
873 3843 1016 3896 accusaris
1032 3839 1159 3892 Executor
1177 3840 1241 3893 aiios
1259 3840 1321 3894 sub·

259 3925 377 3996 delegare
394 3936 484 3997 potest.
520 3927 623 3982 Corrad.
641 3930 657 3980 l.
676 3945 697 3980 c.
715 3946 741 3982 n.
760 3930 801 3982 ti.
1368 3921 1369 3926 ¹

220 4009 357 4082 ⁴)1nhoc
379 4013 462 4070 differt
485 4013 638 4085 dispensatio
664 4017 691 4072 in
713 4016 794 4072 torma
812 4016 937 4072 conmuni
960 4011 1180 4083 acuminum
1195 4015 1224 4069 in
1240 4013 1323 4070 iorum
