2758 4664
169 155 230 228 160
429 175 466 230 οο
483 175 671 246 impedimentis.
688 175 873 260 matrimonium
892 172 1074 230 dirimentibus.

166 353 285 418 cunque
320 337 541 401 matrimonium
564 339 675 412 ratum,
707 337 825 398 etiamst
846 337 965 398 irritum
987 337 1044 412 sit,
1077 335 1103 396 st
1123 336 1248 396 irritum
1269 337 1306 396 stt

165 439 303 518 aliunde,
334 456 422 522 quarn
452 456 492 500 ex
513 435 634 502 deiectu
657 455 840 514 consensus3
864 443 894 499 et
917 437 973 500 hoo
1002 441 1157 520 antiquum
1176 439 1230 522 Jus
1256 455 1306 520 per

166 541 301 605 Trident.
326 558 389 604 nou
412 545 458 604 est
481 545 671 618 correctum;
694 559 769 626 ergo
780 539 816 618 ¹).
849 575 890 585 -
1222 613 1224 618 ,

250 642 284 708 V.
332 642 366 722 1)
387 643 487 724 Olim,
519 647 552 706 nt
580 648 801 710 matrimonium
832 649 946 724 ratum,
976 648 1019 709 ita
1041 647 1132 708 etiam
1154 642 1306 725 sponsalia

164 746 202 812 do
224 747 325 810 futuro
338 765 555 830 qnaeonmque,
580 753 670 812 etiarn
683 747 825 826 invalida,
850 747 939 812 modo
961 745 1094 812 invalida
1111 763 1173 810 non
1191 746 1304 824 inerint

164 869 204 914 ex
226 849 346 914 deiectu
367 867 545 928 consensus,
566 849 813 932 impedimentum
841 847 900 914 hoo
927 847 1126 939 inducebant,
1162 853 1196 910 ut
1227 854 1307 930 patet

165 971 205 1018 ex
226 957 299 1016 text.
325 949 454 1036 jmis²);
485 949 577 1016 hodie
604 953 850 1034 impedimentum
880 971 920 1016 ex
947 951 1086 1016 invalidis
1115 953 1307 1034 sponsalibus

165 1057 314 1120 sublatum
342 1061 388 1120 est
416 1072 469 1136 per
496 1053 586 1119 Cone.
610 1054 688 1124 Trid.
721 1074 796 1120 sess.
829 1053 879 1120 24.
904 1075 929 1118 o.
953 1054 982 1120 3.
1017 1055 1054 1118 de
1084 1053 1139 1118 rei.
1165 1060 1254 1120 matr.
1277 1061 1306 1118 et

165 1165 324 1237 statutum,
348 1164 380 1222 ut
402 1161 533 1220 oriretur
566 1163 679 1220 tantam
702 1175 741 1220 ex
769 1159 959 1240 sponsalibus
981 1157 1097 1222 validis.
1121 1191 1168 1208 --
1200 1155 1239 1232 2)
1264 1157 1306 1220 De

165 1260 353 1344 sponsalibus
375 1259 587 1324 conditionatis
613 1260 856 1346 distinguendum
886 1265 950 1336 est;
980 1279 1049 1324 nam
1071 1265 1141 1324 ante
1164 1265 1307 1324 eventum

165 1365 348 1429 conditionis
370 1381 423 1446 per
445 1381 481 1428 ea
500 1363 747 1444 impedimentum
769 1365 848 1428 istud
865 1381 934 1432 ,non
960 1363 1122 1442 inducitur,
1154 1361 1307 1426 inducitur

166 1473 265 1534 autem
280 1471 349 1550 post
370 1465 459 1548 hujus
481 1471 638 1544 eventum3
668 1473 746 1532 ratio
765 1470 885 1548 prioris
907 1473 964 1546 est,
988 1471 1058 1548 qnia
1081 1485 1148 1530 oum
1171 1466 1306 1531 conditio

167 1569 329 1654 suspendat
356 1586 537 1634 eonsensum
559 1587 655 1654 usque
684 1570 721 1635 ad
743 1576 885 1634 eventum
908 1574 975 1650 sui,
1007 1575 1165 1652 antequam
1188 1588 1225 1634 ea
1246 1573 1308 1632 im-

168 1674 299 1756 pleatur,
330 1673 483 1754 sponsalia
507 1690 568 1736 non
590 1679 659 1736 sunt
686 1673 784 1738 valida
806 1693 846 1738 ex
867 1673 989 1736 delectu
1011 1690 1179 1738 consensus
1186 1692 1195 1748 3
1232 1675 1308 1736 ratio

164 1777 351 1858 posterioris
380 1780 436 1850 est,
461 1781 531 1858 quia
557 1781 630 1838 tuno
658 1782 728 1840 sunt
749 1776 901 1858 sponsalia
925 1793 998 1855 pnra
1025 1793 1080 1838 seu
1102 1776 1252 1858 absoluta,
1275 1781 1305 1838 et

167 1877 277 1944 habeut
307 1876 471 1958 perlectum
502 1895 691 1942 consensum.
737 1875 772 1956 3)
799 1877 1053 1959 ‚impedimentum
1084 1878 1182 1960 istud,
1214 1883 1305 1942 etiam

168 1981 321 2044 dissolutis
344 1986 447 2044 mutuo
470 1998 621 2044 consensu
639 1980 686 2042 vel
709 1981 767 2044 alio
791 1981 881 2044 modo
892 1980 1091 2064 sponsalibus,
1116 2000 1305 2064 nequaquam

166 2084 297 2162 tollitur,
327 2088 360 2146 ut
387 2088 468 2166 patet
498 2101 537 2146 ex
568 2065 705 2148 declarat.
731 2083 826 2168 Cong.
851 2085 883 2148 0.
913 2083 962 2146 die
990 2079 1019 2148 6.
1049 2084 1122 2148 Jnlii
1150 2106 1177 2149 a.
1212 2084 1304 2165 1658,

167 2206 256 2272 quam
278 2185 333 2249 sub
359 2182 398 2248 10
420 2186 515 2270 ejusd.
540 2204 634 2252 mens.
657 2186 830 2253 Alexander
854 2186 916 2252 Vll.
939 2189 1132 2272 approbavit,
1151 2189 1305 2270 jussitque

166 2295 200 2355 1ιι
222 2289 351 2354 dubium.
367 2287 510 2372 deinceps
532 2307 594 2352 nou
617 2290 743 2372 amplius
766 2295 903 2356 revocari
911 2285 950 2370 ³).
1002 2376 1004 2382 ¹

685 2468 713 2538 ς.
736 2455 788 2526 42.

492 2631 567 2700 titt.
589 2632 628 2698 ba
647 2631 832 2718 iupedneuto
854 2633 980 2700 oriminis.
1079 2661 1081 2668 ’

252 2808 345 2873 llulta
366 2805 587 2871 olimorimina
616 2807 819 2888 impediebant
845 2811 1080 2884 matrimonium
1111 2811 1308 2892 praecipuum

165 2915 246 2975 inter
266 2909 342 2975 haec
363 2926 483 2992 semper
504 2913 569 2974 erat
591 2907 783 2990 adulterium,
814 2909 894 2992 quod
918 2929 980 2974 uon
993 2917 1123 2986 ,tantum
1146 2917 1309 2976 matrimo-

168 3018 260 3098 nium
277 3012 485 3094 impedivisse,
517 3011 570 3077 sed
601 3013 758 3098 diremisse
787 3018 869 3078 inter
890 3015 1058 3081 adulterum
1087 3022 1118 3080 et
1140 3015 1309 3084 adulteram

168 3133 230 3180 uon
266 3115 393 3180 obscure
428 3116 538 3182 indicat
574 3117 694 3181 novella
721 3116 884 3183 lastiniam
919 3115 987 3184 134.
1018 3139 1045 3182 o.
1080 3117 1128 3182 12.
1174 3118 1308 3201 idipsum

167 3219 270 3286 Patres
284 3219 480 3286 ecelesiastici
490 3219 699 3299 definiverunt,
724 3237 790 3284 ean.
807 3217 833 3300 1,
858 3218 889 3302 3,
913 3220 944 3302 5,
969 3219 999 3287 6.
1017 3219 1163 3288 oausill.
1186 3227 1308 3305 quaest.

172 3324 199 3388 1.
219 3328 300 3387 iuter
320 3342 397 3406 qnae
425 3323 556 3388 refertur
584 3325 738 3388 decretum
762 3323 890 3388 Consilii
912 3324 1114 3388 triburiensis
1137 3329 1209 3389 anni
1233 3321 1309 3390 895.

168 3447 234 3494 ean.
249 3425 280 3492 4.
302 3431 345 3492 ita
367 3431 559 3508 conceptum:
580 3425 674 3508 „Nou
694 3429 765 3492 licet
778 3445 865 3514 ergo,
888 3447 946 3494 neo
957 3427 1142 3496 Christianae
1161 3427 1309 3516 religioni

195 3697 218 3772 ¹)
238 3697 377 3772 Schmaiag.
394 3700 411 3754 l.
430 3717 452 3754 a.
470 3718 496 3756 n.
517 3700 573 3756 101.
596 3700 652 3765 102,
689 3701 818 3774 Pipuatelli
836 3711 895 3756 tom.
914 3703 939 3756 1.
957 3703 1062 3758 contult
1083 3703 1122 3758 15.
1141 3720 1167 3756 u.
1185 3704 1210 3758 2.

195 3785 220 3858 ²)
238 3787 337 3842 Deerat.
355 3786 397 3839 lib.
416 3787 457 3840 lll.
478 3802 501 3839 o.
519 3787 542 3838 1.
561 3789 598 3840 tit.
618 3787 641 3841 1.
659 3796 684 3841 et
701 3805 723 3846 c.
742 3805 786 3842 un.
804 3789 859 3842 cod.
877 3792 905 3842 in
923 3792 947 3845 0.

198 3871 221 3946 ³)
239 3871 313 3929 Teste
329 3873 451 3945 Fapnano
474 3875 592 3946 (inoap.
616 3873 647 3936 ad
670 3869 788 3942 audient,
811 3878 837 3932 i.
854 3879 889 3932 tit
917 3877 940 3935 1.
964 3893 989 3930 ιι.
1008 3876 1064 3945 29.)
1087 3883 1113 3930 et
1130 3869 1212 3932 Galat
1236 3883 1268 3932 ir.
1286 3876 1312 3930 ll.

239 3977 267 4015 ιι.
284 3961 344 4015 302.
