2746 4646
311 187 349 242 ite
365 169 548 258 impedimentis
566 191 751 242 matrimonium
770 185 955 243 dirimentibus.
1144 169 1206 240 159

61 346 144 409 iliud
164 353 275 425 autem,
298 345 378 429 quod
399 347 551 410 inducitur
573 365 613 408 ex
635 351 825 413 matrimonio
847 353 929 426 rato,
959 351 990 409 in
1013 345 1206 427 amplitudine

59 451 280 514 suarelictum
301 456 360 527 est,
384 469 419 512 ao
442 451 567 530 proinde
590 449 702 511 dirimit
724 456 945 514 matrimonium
969 449 1205 514 contrahendum

62 554 223 636 usquead
246 559 383 636 quartum
407 554 532 637 gradum
555 550 749 631 inclusive¹).

152 657 200 718 it.
231 659 298 719 Duo
320 651 532 738 requiruntur,
556 661 589 718 ui
610 674 663 736 per
686 661 905 720 matrimonium
928 661 1024 718 ratum
1047 657 1207 720 inducatur

58 761 309 842 impedimentum
340 755 486 842 pubiicaa¹
505 757 670 822 honestatis
702 757 736 836 i)
760 767 793 821 ut
822 763 862 822 sit
890 777 978 840 pure,
1010 769 1041 822 et
1069 761 1206 824 absolute

58 867 185 941 initum,
216 881 272 924 neo
303 863 401 944 aliqua
425 861 597 926 conditione
627 879 825 942 suspensum3
857 869 972 925 namsi
1004 864 1205 927 conditionate

56 964 253 1045 inttnm'sit,
288 971 365 1028 sicut
395 983 449 1046 per
472 985 538 1028 eam
570 967 774 1028 conditionem
805 967 1000 1048 suspenditur
1022 969 1202 1030 matrimonii

59 1070 162 1146 valor,
195 1073 236 1131 ita
259 1073 347 1130 etiam
377 1069 492 1148 publica
519 1069 677 1148 honestas,
708 1067 746 1144 2)
771 1076 802 1130 ut
831 1074 1052 1132 matrimonium
1082 1075 1205 1134 nonsit

56 1173 224 1235 invalidum
247 1189 288 1234 ex
309 1171 429 1234 deiectu
451 1189 632 1248 consensum
665 1171 752 1250 irinc,
785 1177 811 1234 si
835 1175 1054 1236 matrimonium
1086 1179 1203 1237 irritum

57 1281 98 1338 sit
120 1283 242 1358 propter
264 1282 392 1350 metum,
421 1276 470 1336 vei
493 1293 643 1352 errorem,
673 1276 723 1337 vel
751 1281 775 1337 si
799 1295 875 1340 unus
898 1277 1139 1340 contrahentium
1164 1279 1202 1339 sit

56 1381 138 1441 inira
161 1381 362 1458 pubertatem,
395 1377 458 1454 his,
493 1385 522 1438 at
545 1377 692 1439 similibus
715 1380 833 1442 casibus
857 1379 935 1442 nulia
964 1383 1061 1441 oritur
1083 1379 1201 1460 publica
1271 1377 1273 1382 ’

57 1483 202 1545 honestas
236 1499 275 1543 ex
308 1483 498 1542 matrimonio
535 1481 643 1542 taliter¹
664 1487 835 1557 contracto;
869 1499 974 1561 secus,
1008 1487 1032 1544 si
1065 1481 1125 1544 alio
1165 1498 1205 1544 ex

57 1591 158 1666 capite
168 1579 208 1660 ²),
232 1603 258 1644 o.
281 1603 311 1646 x.
334 1583 372 1644 ob
393 1584 641 1662 impedimentum
665 1587 942 1668 consanguinitatis,
968 1583 1120 1647 affinitatis
1143 1591 1204 1649 etc.

57 1694 178 1764 irritum
201 1691 254 1762 sit;
285 1691 357 1747 tunc
380 1691 460 1747 enim
490 1686 736 1764 impedimentum
769 1687 905 1766 publicae
928 1687 1110 1766 honestatis,
1143 1701 1210 1749 non

58 1791 200 1855 obstante
222 1791 405 1852 matrimonii
429 1787 616 1851 invaiiditate
639 1787 924 1867 contrahiturss).-
947 1789 1205 1853 controverteba-

57 1901 109 1956 tur
141 1894 213 1956 oiim
241 1897 321 1954 inter
349 1898 506 1968 auctores,
537 1912 575 1956 aa
604 1891 662 1954 hoc
696 1891 947 1970 impedimentum
974 1893 1134 1956 inducatur
1165 1909 1205 1956 ex

60 1999 255 2061 matrimonio
278 1995 410 2058 invalido
434 1995 472 2056 ob
495 1995 743 2077 impedimentum
773 1997 1038 2074 clandestinitatis3
1068 1997 1122 2059 sad
1146 1996 1203 2058 de-

58 2103 204 2164 ciaratum
228 2103 274 2162 est
297 2098 431 2162 aCardd.
455 2103 486 2158 in
509 2097 656 2162 Brixiensi
681 2095 710 2162 3.
724 2099 796 2164 Dec.
821 2097 913 2164 1667.
938 2106 1027 2164 etiam
1049 2097 1109 2162 hoo
1132 2117 1203 2163 casu

57 2205 308 2286 impedimentum
324 2195 480 2282 ‘publicae
514 2197 681 2264 honestatis
712 2199 858 2267 contrahi.
903 2203 999 2266 ,Ratio
1037 2209 1098 2279 est,
1136 2205 1204 2286 quia

55 2309 305 2388 impedimentum
320 2307 408 2370 'istud
430 2303 595 2368 seeundum
614 2307 665 2388 J'us
688 2311 843 2387 antiquum
866 2305 1018 2369 inducitur
1031 2313 1090 2387 'per
1102 2297 1205 2388 quod-

86 2514 109 2578 ¹)
127 2511 269 2580 Sohmaizg.
293 2513 309 2564 i.
332 2528 354 2564 o.
377 2528 404 2566 n.
428 2512 484 2564 100.
520 2509 642 2564 Sanchea.
665 2507 708 2560 tib.
728 2513 751 2562 7.
775 2509 839 2578 disp.
858 2513 899 2563 70.
919 2527 943 2564 n.
965 2512 1003 2564 16.
1023 2509 1092 2561 Pont.
1111 2509 1154 2560 lib.
1177 2514 1202 2561 t.

129 2598 162 2649 de
188 2607 261 2650 matr.
285 2615 307 2652 c.
330 2599 373 2652 35.
396 2615 421 2655 n,
445 2599 469 2651 2.
504 2596 635 2658 benedict.
652 2594 720 2650 xiv.
741 2599 904 2666 quesdones
929 2596 1072 2650 canonicae
1096 2596 1200 2660 Quaeri.

130 2685 190 2735 tsi.
209 2687 233 2750 s.
251 2686 277 2735 t.

86 2771 109 2836 ²)
127 2769 249 2838 Exceptio
267 2779 306 2821 est
323 2768 476 2822 admittenda
495 2772 568 2820 etiam
591 2768 676 2840 quoad
700 2771 885 2826 matrimonium
910 2767 1049 2822 invalidum
1067 2770 1198 2842 eximpe—

128 2854 240 2906 dimento
264 2839 380 2924 pubiicae
402 2855 540 2906 honestatis
564 2857 728 2924 proveniente
747 2873 778 2907 ox
803 2859 910 2923 praeviis
928 2855 1100 2924 sponsalibus3
1125 2872 1156 2906 cx
1175 2871 1204 2927 g.

127 2937 206 2992 Titias
225 2945 281 3007 post
299 2943 425 3009 sponsalia
442 2941 474 2992 de
497 2941 581 2991 tuturo
604 2939 686 2992 valida
710 2943 773 2992 inita
792 2959 849 2994 cum
868 2939 975 3005 Bertha,
999 2940 1090 2992 deindo
1114 2943 1203 2993 matri-

127 3030 241 3078 monium
259 3027 402 3078 natumsed
421 3026 559 3078 invaiidum
577 3025 703 3078 contrahit
720 3043 777 3079 cum
796 3027 884 3090 Tullia,
902 3041 988 3080 sorore
1006 3025 1129 3092 Berthae3
1159 3038 1205 3096 per

127 3114 178 3168 hur
201 3113 388 3166 matrimonium
412 3109 550 3162 invalidum
574 3112 700 3164 induratur
729 3112 831 3182 quidem
856 3114 1062 3180 impedimentum
1087 3113 1212 3182 pubiioae'

127 3201 284 3262 honestatis,
309 3216 354 3267 par
376 3199 443 3268 quod
467 3207 582 3252 arceatur
601 3215 616 3250 a
639 3201 797 3252 matrimonio
819 3199 991 3256 amhahando
1015 3217 1073 3255 cum
1091 3215 1213 3256 scuram.

130 3289 234 3356 gumein
253 3289 346 3342 ceteris⁴
354 3285 453 3344 Tulliae
468 3284 500 3336 ad
518 3293 633 3356 quartum
650 3285 766 3356 gradum,
784 3285 943 3357 sponsalibus
962 3295 1047 3338 tamen
1066 3288 1207 3353 priuatum

129 3371 223 3424 Bertha
241 3371 325 3423 valide
342 3373 410 3422 initis
429 3387 474 3437 per
492 3369 553 3420 iliud
573 3385 623 3420 noa
642 3370 776 3438 derogatur
796 3389 826 3424 ac
843 3373 949 3442 proinde
968 3371 1086 3425 Berthanr
1112 3371 1206 3424 ducere

80 3461 83 3470 '
127 3465 214 3526 potest
232 3465 257 3509 ot
275 3457 363 3522 debei3
388 3455 455 3508 atiud
474 3455 553 3517 forat,
577 3457 597 3506 si
621 3472 677 3506 cum
700 3452 778 3508 Tullia
804 3461 992 3510 matrimonium
1015 3451 1125 3508 invaiide
1143 3457 1206 3508 cou-

128 3549 239 3594 tractum
265 3552 477 3606 consummassem
500 3557 559 3592 nam
584 3557 615 3591 eo
640 3559 700 3592 casu
728 3559 786 3592 oum
812 3553 901 3596 neutra
929 3558 1017 3595 sorore
1039 3546 1122 3610 possit
1141 3545 1206 3594 inire

128 3629 214 3681 valide
234 3633 434 3692 matrimonium
453 3645 506 3680 non
530 3643 588 3679 eum
607 3631 686 3694 prima
704 3626 736 3677 ob
760 3631 966 3697 impedimentum
992 3630 1118 3680 ai'iinitatis
1141 3644 1205 3702 con·

128 3726 237 3783 surgons
256 3713 397 3782 ax·cbpula
416 3731 472 3765 cum
497 3728 582 3765 sorore
607 3711 706 3784 habita3
731 3727 782 3768 non
807 3733 864 3767 cum
883 3699 1016 3783 pbsterIori
1035 3723 1137 3786 propter
1155 3718 1205 3766 im-

128 3804 301 3869 pedimentum
329 3800 446 3869 publicae
475 3801 611 3852 honestatis
636 3809 666 3854 ex
692 3799 852 3872 sponsalibus
878 3801 988 3868 praeviis
1019 3819 1076 3854 cum
1106 3796 1198 3860 Bertha

74 3897 79 3908 “
117 3883 270 3956 'Schmahp
290 3883 307 3938 1.
324 3899 348 3947 a,
368 3895 400 3938 n.'
413 3888 471 3938 tiu.
489 3886 609 3940 Sanchai.
627 3887 671 3940 lib.
690 3891 713 3941 7.
732 3881 774 3942 68.
793 3887 835 3940 tt.
853 3887 952 3956 Knopp.
972 3893 996 3955 p.
1014 3887 1072 3939 211).

90 3974 113 4042 ³)
132 3971 195 4044 Gap.
212 3976 282 4026 unic.
295 3971 352 4040 huj.
367 3975 404 4025 tit.
419 3975 447 4024 in
459 3974 483 4025 6.
619 3985 621 3990 ’
1043 3976 1047 3988 “
