2746 4646
172 218 214 288 ts
434 233 1047 306 uempmimuanpmamueunapaua

257 392 292 454 ll.
316 392 378 455 Noe
400 397 500 456 tamen
526 394 582 456 hae
604 398 750 457 mutantia
780 392 943 458 effraenem
974 398 1137 458 asserimus
1159 393 1315 456 licentiam

170 497 255 576 tuis,
282 503 324 558 ut·
344 502 483 576 parentes
505 500 628 560 omnlino
650 501 681 558 in
703 515 738 558 re
761 502 833 559 tanti
862 502 1005 562 momenti
1035 499 1117 560 licite
1146 501 1315 577 praeterire

171 605 303 680 possint;
321 606 420 660 manet
434 603 515 661 onim
534 600 677 683 obligatio
697 601 840 664 naturalis
859 601 988 665 filiorum
1003 606 1035 662 in
1051 606 1201 681 parentes.
1225 599 1314 672 Quod

170 709 270 766 nostra
293 707 441 765 sententia
464 708 572 787 negm,
603 709 740 767 consistit
767 709 799 765 iu
821 703 891 784 boo,
922 711 955 767 ut
977 704 1112 766 delectus
1145 721 1312 766 consensus

169 812 325 888 parentum
348 823 403 885 per
424 824 457 867 se
479 806 620 886 impediat
642 812 873 886 matrimonium,
898 811 984 870 sicuti
1007 806 1087 869 aliud
1106 806 1312 886 impedimen-

169 916 232 972 tum
251 912 442 983 canontcum;
463 908 515 971 sed
530 915 671 988 poterunt
685 917 825 990 parentes
841 927 994 990 opponere
1011 913 1210 972 matrimoniis
1228 908 1312 970 filio-

170 1029 236 1076 rum
267 1018 356 1093 atque
384 1029 536 1092 exponere
567 1017 697 1075 rationes
726 1031 796 1076 suas
827 1031 926 1075 coram
954 1011 1058 1094 judice
1088 1013 1306 1088 ecclesiastico,

82 1175 87 1184 ,
170 1133 261 1196 penes
284 1133 373 1197 quem
397 1121 457 1192 est,
480 1115 547 1174 illis
570 1114 647 1177 bene
671 1117 882 1192 consideretis,
918 1121 1137 1178 matrimonium
1159 1115 1310 1196 impedire

171 1237 224 1300 per
251 1217 429 1299 particulare
458 1215 588 1278 Vettium
617 1217 785 1294 Ecclesiae,
818 1225 849 1278 et
879 1219 1029 1300 sponsalia
1060 1225 1125 1281 sine
1154 1225 1312 1299 parentum

172 1339 323 1384 consensu
345 1326 417 1382 inita
440 1321 606 1382 dissolvere
614 1339 622 1394 ;
651 1321 720 1382 licet
742 1327 822 1382 enim
853 1324 1000 1402 sponsalia
1027 1322 1127 1383 taliter
1153 1325 1225 1382 inita
1252 1325 1313 1378 vim

170 1426 314 1504 habeant,
339 1443 376 1487 eo
399 1429 501 1504 pacto,
525 1440 585 1503 quo
609 1427 830 1486 matrimonium
854 1425 892 1488 de
914 1429 1082 1506 praesenti,
1110 1407 1313 1485 certissimum

171 1535 272 1591 umen
295 1535 351 1606 est,
374 1530 437 1606 ipsa
460 1525 636 1606 plerumque
652 1527 754 1587 illicita
777 1528 852 1605 sieri,
877 1527 994 1607 culpam
1019 1527 1145 1605 admitti,
1168 1529 1315 1608 cognita-

176 1647 230 1711 1ue
259 1630 447 1693 dissensione
477 1627 551 1690 solvi
581 1645 684 1708 posse,
717 1631 786 1691 licet
814 1629 1021 1712 Jusjurandum
1052 1625 1311 1699 intercessor-iifl)

171 1733 361 1816 Regulariter
383 1736 476 1815 igitur
498 1731 550 1794 dtu
574 1736 722 1810 tenentur,
746 1750 926 1793 consensum
951 1738 1106 1812 pareutum
1130 1730 1230 1792 debite
1254 1747 1312 1788 re-

171 1841 306 1918 quirere3
330 1851 435 1912 secus,
459 1840 599 1914 peccaut3
623 1833 675 1894 sed
699 1839 723 1896 si
748 1835 957 1914 praevideant,
990 1835 1086 1914 quod,
1118 1838 1142 1896 si
1168 1839 1311 1912 parentes

170 1939 337 2016 consulant,
361 1938 470 2018 injuste
489 1939 710 2000 matrimonium
733 1941 792 1998 sint
813 1937 998 2016 impedituri,
1023 1941 1113 1998 etiam
1134 1938 1225 2012 licita,
1249 1953 1313 1996 nou

169 2047 282 2104 tantum
305 2041 364 2101 illis
387 2058 447 2101 non
471 2039 733 2113 consentientibus,
758 2045 807 2100 aut
830 2032 1114 2117 contradicentibus,
1139 2038 1194 2100 sed
1217 2042 1311 2098 etiam

174 2162 232 2206 non
265 2142 409 2206 consultis
441 2146 659 2203 matrimonium
691 2145 769 2201 inire
800 2140 974 2220 possenti)
1021 2141 1147 2218 Verum,
1181 2159 1249 2202 cum
1280 2144 1313 2199 in

170 2245 226 2309 bac
247 2263 281 2307 re
303 2245 391 2308 lacile
419 2249 471 2322 sit,
505 2251 536 2305 ut
560 2242 610 2304 ldii
640 2243 764 2304 familias
788 2241 888 2304 lucum
915 2246 970 2306 sibi
995 2246 1120 2322 iaciant,
1153 2243 1314 2306 consulere

171 2350 280 2414 debent
302 2354 384 2412 viros
414 2345 575 2427 prudentes
598 2352 628 2408 et
652 2352 824 2426 praesertim
855 2346 1070 2424 confessarios,
1103 2345 1314 2425 imprudenter

172 2459 263 2534 agant
284 2455 404 2532 proprio
422 2450 537 2531 judicio
559 2447 751 2512 confidentes.
760 2445 789 2525 3)

199 2659 221 2726 ¹)
240 2659 298 2710 lust.
318 2665 381 2727 past.
400 2657 470 2725 Eyst.
490 2675 514 2724 p.
533 2659 591 2709 264.
610 2653 686 2708 Cone.
706 2673 776 2724 prov.
796 2655 906 2725 blegent.
930 2657 1001 2709 1549.
1021 2673 1042 2708 c.
1063 2657 1104 2706 36.
1123 2654 1166 2705 37.

205 2745 228 2809 ²)
247 2744 287 2795 Sic
306 2743 395 2805 Peren,
414 2741 591 2805 lleillenstuel,
610 2742 737 2804 Solonion,
756 2741 918 2810 Schmelzgr.,
937 2741 1065 2804 Sanchez,
1083 2739 1222 2805 Layruann.

201 2829 224 2897 ³)
244 2827 328 2896 Gury,
347 2827 496 2897 Compita
515 2827 576 2880 blor.
595 2845 619 2878 n.
642 2829 716 2891 1460,
736 2827 816 2890 itti,
838 2827 911 2879 itti.
929 2857 962 2866 —
982 2826 1054 2882 Conl,
1074 2824 1130 2876 Cas.
1150 2823 1175 2875 b.
