2746 4646
295 239 333 294 De
349 239 532 309 impedimentis
551 243 735 294 matrimonium
756 239 938 298 dirimentibus.
1144 225 1185 296 83

42 397 141 460 iectus
165 403 197 457 et
217 415 271 477 per
297 415 486 479 consequens
508 403 539 460 in
571 405 777 468 matrimonio:
807 409 837 462 et
865 405 911 464 sic
938 421 1028 463 error
1049 402 1087 464 de
1109 401 1189 478 jare

41 503 186 564 natarali
204 501 305 578 babet,
327 504 410 582 qnod
425 510 552 566 cananei
567 506 830 566 matrimonium.“
841 501 866 579 ¹)
884 503 994 568 -Sed
1011 523 1071 567 non
1088 511 1186 568 omnis

42 623 129 668 error
152 613 279 668 evacuat
302 609 540 682 matrimonium,
572 611 725 688 quianon
748 612 845 670 omnis
867 625 953 671 error
976 608 1051 670 tollit
1073 608 1185 670 volun·
1228 635 1234 646 ·

44 715 151 771 tarium
176 715 206 769 et
229 710 297 772 ideo
320 725 501 770 consensum
525 709 710 787 simpliciter,
735 710 787 772 sed
810 710 997 772 solummodo
1020 712 1185 774 secundum

43 813 132 892 quid3
156 813 237 874 unde
255 811 413 873 dicendum
436 817 490 888 est,
515 810 594 890 quod
612 828 707 884 error,
726 817 794 892 quia
812 817 1032 876 matrimonium
1050 821 1186 894 evacuat,

42 921 81 978 sit
104 915 232 996 alicujus
255 931 370 992 eorum,
395 933 472 994 quae
495 919 564 974 sunt
587 913 624 974 de
646 919 776 976 essentia
800 912 1024 993 matrirnonii.²)
1054 915 1184 979 Persona

42 1025 159 1086 autem,
195 1037 323 1098 quacum
347 1015 548 1094 contrahitur,
579 1023 626 1079 est
656 1017 741 1078 alteri
774 1017 959 1080 contrahenti
989 1019 1184 1082 substantiale

36 1123 206 1202 objectum,
230 1125 260 1181 in
284 1120 364 1200 quod
387 1121 541 1182 confertur
564 1138 745 1194 consensus3
771 1135 862 1204 ergo,
886 1141 977 1182 error
999 1125 1085 1186 circa
1105 1143 1185 1202 per-

44 1244 155 1286 sonam
177 1227 267 1285 vitiat
289 1226 525 1300 matrimonium,
550 1222 640 1304 idque
663 1227 728 1303 ipso
746 1224 815 1304 jure
838 1231 975 1285 naturae:
1000 1230 1078 1304 quia,
1109 1230 1186 1288 sicui

42 1332 109 1389 sine
133 1345 298 1405 consensa,
322 1331 360 1387 ita
384 1331 450 1388 sine
472 1344 622 1388 consensu
641 1328 673 1385 in
691 1333 807 1386 certam
822 1347 990 1406 personam
1011 1347 1071 1390 non
1092 1327 1186 1390 lrabe-

45 1439 92 1493 tur
115 1432 302 1514 conjugium.
347 1428 438 1508 Atqui
470 1445 572 1489 errans
596 1447 655 1490 non
685 1434 834 1491 consentit
856 1434 887 1492 in
911 1447 1081 1510 personam,
1106 1448 1185 1510 qua-

43 1554 111 1596 cum
137 1551 191 1613 per
214 1550 347 1594 errorem
371 1530 533 1607 contrabit,
561 1535 630 1610 quia
655 1536 733 1592 totus
756 1549 921 1596 consensus
944 1534 1009 1614 ejus
1033 1531 1128 1594 lertur
1150 1536 1181 1594 in

45 1652 204 1716 personam
227 1637 399 1712 absentem,
425 1652 513 1715 quarn
537 1651 590 1712 per
612 1649 746 1694 errorem
770 1639 920 1698 existimat
943 1654 1011 1697 esse
1034 1654 1184 1716 praesen-

45 1748 120 1817 tem,
147 1758 207 1801 non
230 1745 329 1800 antem
354 1739 447 1800 lertur
469 1743 499 1798 in
523 1753 605 1814 eam,
629 1753 705 1816 quae
729 1754 833 1798 revera
857 1756 1001 1818 praesens
1023 1744 1085 1816 est,
1110 1757 1185 1822 ergo

44 1863 111 1905 cum
141 1848 198 1905 ista
221 1843 394 1924 conjugium
418 1858 457 1900 ex
480 1838 599 1900 delectu
622 1857 789 1902 consensus
819 1858 925 1902 revera
948 1859 1008 1904 non
1038 1839 1185 1908 allicitur;

45 1965 113 2008 nam
138 1952 222 2007 actus
245 1950 398 2028 agentium
430 1961 489 2004 non
513 1947 673 2022 operantur
696 1942 772 2003 ultra
802 1946 997 2006 intentionem
1020 1940 1190 2018 illorum.³)¹

45 2049 123 2110 Nihil
149 2047 251 2126 relert,
278 2066 347 2108 num
371 2046 418 2108 hic
442 2063 527 2108 error
549 2048 588 2106 sit
609 2045 793 2106 antecedens
814 2063 853 2106 au
875 2049 1094 2122 concomitans,
1119 2052 1188 2126 quia

46 2157 137 2213 ctiam
162 2155 366 2215 concomitans
386 2149 517 2212 valorem
540 2151 705 2209 contractui
724 2149 934 2210 matrimoniali
954 2146 1078 2224 tollit.⁴)
1101 2150 1186 2212 Ratio

47 2264 106 2332 est,
133 2259 220 2336 quia,
245 2259 276 2314 ut
300 2254 520 2314 matrimonium
544 2249 706 2328 alliciatur,
738 2255 926 2314 necessarius
949 2259 996 2313 est
1019 2269 1186 2314 consensus

40 2331 175 2421 'actualis
200 2363 229 2417 et
253 2360 397 2436 positivus
420 2360 450 2415 in
481 2371 656 2433 personam,
688 2371 765 2432 quac
793 2351 924 2416 ollertur.
971 2353 1062 2416 Error
1085 2361 1187 2416 autern

48 2465 266 2536 concomitans
290 2459 360 2523 licet
382 2476 442 2520 non
467 2457 576 2518 alliciat
598 2462 695 2518 actum
718 2456 969 2535 involuntarium,
995 2456 1064 2518 lacit
1088 2463 1188 2520 minen

49 2582 109 2624 non
133 2563 353 2636 voluntarium,
386 2567 417 2621 et
439 2559 509 2624 ideo
538 2543 635 2621 abiert
665 2577 846 2622 consensum
876 2559 1022 2620 actualem
1045 2566 1075 2620 et
1102 2562 1190 2640 posi-

50 2671 159 2737 tivum;
190 2683 258 2726 nam
282 2665 421 2726 voluntas
444 2681 511 2724 cum
536 2663 585 2724 tali
609 2680 712 2724 errore
735 2661 773 2722 de
796 2666 946 2742 praesenti
977 2663 1073 2727 solum
1096 2661 1192 2722 fertur

50 2774 79 2828 in
103 2767 273 2840 absentem,
296 2783 355 2827 non
373 2783 446 2826 vero
466 2757 604 2842 inillam,
628 2783 707 2844 quae
722 2781 864 2844 praesens
883 2771 939 2842 est,
964 2783 1063 2844 neque
1078 2763 1191 2846 volunss

53 2878 112 2946 ias,
139 2889 217 2951 quae
241 2876 338 2946 esset,
362 2867 416 2929 sed
439 2885 516 2946 qnae
539 2875 596 2945 cst,
619 2870 774 2928 constitnit
797 2869 1053 2930 rnatrimoninmf‘

136 2972 184 3034 lll.
207 2971 299 3036 Error
321 2989 394 3035 voro
417 2971 618 3032 accidentalis
647 2987 701 3032 seu
724 2974 802 3034 circa
825 2972 1004 3050 qualitatem
1022 2987 1190 3052 personne,

52 3135 259 3143 Μ

76 3239 97 3304 ¹)
117 3239 140 3288 S.
162 3237 250 3288 liram.
268 3237 348 3304 suppl.
369 3253 391 3305 q.
412 3237 453 3288 5l.
473 3251 495 3285 a.
516 3235 538 3285 l.
557 3252 577 3286 c.
608 3235 655 3296 „ln
676 3235 737 3298 jure
754 3235 820 3287 civili
839 3234 876 3301 (b.
900 3235 925 3287 Si
944 3249 1127 3316 perlatorem
1148 3235 1188 3286 is.

117 3325 174 3391 [lig.
195 3323 226 3374 de
241 3322 331 3388 jurisd.
351 3322 380 3372 ll.
396 3322 445 3388 1.):
464 3319 550 3382 „Quid
569 3323 637 3370 eninr
656 3328 704 3370 tarn
724 3324 876 3374 contrarium
895 3324 1030 3374 consensui
1049 3330 1096 3386 est,
1115 3335 1192 3390 quam

117 3410 230 3462 error?‘⁸
368 3459 375 3466 ,

77 3501 99 3563 ²)
117 3499 143 3550 S.
161 3497 264 3548 Tbom.:
294 3493 367 3558 „Duo
387 3503 469 3544 autem
489 3492 592 3544 includit
611 3495 691 3559 ipsura
711 3495 912 3558 matrimonium,
929 3494 1028 3546 scilicet
1045 3491 1108 3542 dosa
1124 3507 1187 3557 per-

117 3601 209 3644 sonas,
233 3597 298 3650 quae
316 3581 520 3648 conjunguntur,
547 3589 571 3629 et
594 3587 709 3630 mutuam
733 3587 881 3648 potestatem
906 3582 931 3630 in
949 3580 1072 3640 invicem,
1098 3579 1124 3626 io
1142 3591 1192 3644 qua

118 3670 305 3720 matrimonium
332 3668 450 3716 consistit.
487 3665 603 3715 Pm'mam
626 3674 710 3718 autem
733 3666 826 3718 tollitur
852 3683 897 3735 per
923 3680 1033 3716 errorem
1059 3677 1192 3730 personae,

120 3757 260 3806 secundum
279 3769 323 3820 per
339 3767 448 3804 errorem
465 3751 624 3814 conditionis,
643 3753 701 3821 quia
714 3768 803 3804 servus
821 3768 872 3804 non
887 3759 969 3820 potest
987 3755 1135 3818 potestatem
1154 3749 1193 3799 sui

120 3843 235 3908 corporis
254 3837 334 3888 libere
354 3837 425 3888 alteri
444 3837 541 3888 tradere
560 3840 614 3890 sine
632 3854 757 3890 consensu
775 3840 814 3890 sui
833 3837 954 3890 domini.“
973 3837 990 3890 l.
1009 3853 1031 3888 c.
1049 3852 1072 3888 a.
1093 3836 1117 3887 2.
1136 3851 1158 3886 c.

82 3929 103 3994 ³)
122 3927 277 3994 Schmalzgr.
298 3927 333 3976 sir.
355 3926 375 3975 l.
394 3926 418 3989 S.
435 3925 458 3974 3.
479 3941 502 3974 n.
520 3925 580 3975 441.

83 4015 105 4082 ⁴)
124 4013 279 4082 Scbmalsgr.
299 4019 324 4062 et
343 4025 432 4062 comm.
451 4009 467 4061 l.
486 4025 508 4061 c.
526 4009 571 4062 cir.
590 4007 646 4064 Cas.
665 4009 709 4064 ill.

942 4093 987 4163 60
