<?xml version="1.0" encoding="UTF-8"?>
<!DOCTYPE html PUBLIC "-//W3C//DTD XHTML 1.0 Transitional//EN"
    "http://www.w3.org/TR/xhtml1/DTD/xhtml1-transitional.dtd">
<html xmlns="http://www.w3.org/1999/xhtml" xml:lang="en" lang="en">
 <head>
  <title>
</title>
<meta http-equiv="Content-Type" content="text/html;charset=utf-8" />
  <meta name='ocr-system' content='tesseract 3.04.00' />
  <meta name='ocr-capabilities' content='ocr_page ocr_carea ocr_par ocr_line ocrx_word'/>
</head>
<body>
  <div class='ocr_page' id='page_1' title='image "./dematrimoniotra00heisgoog_0406.png"; bbox 0 0 2736 4660; ppageno 0'>
   <div class='ocr_carea' id='block_1_1' title="bbox 503 192 1218 270">
    <p class='ocr_par' dir='ltr' id='par_1_1' title="bbox 503 192 1218 270">
     <span class='ocr_line' id='line_1_1' title="bbox 503 192 1218 270; baseline -0.007 -4"><span class='ocrx_word' id='word_1_1' title='bbox 503 209 584 266; x_wconf 65' lang='lat' dir='ltr'>&amp;sus</span> <span class='ocrx_word' id='word_1_2' title='bbox 601 209 804 266; x_wconf 70' lang='lat' dir='ltr'>autumnoue.</span> <span class='ocrx_word' id='word_1_3' title='bbox 1156 192 1218 270; x_wconf 68' lang='grc'>381</span> 
     </span>
    </p>
   </div>
   <div class='ocr_carea' id='block_1_2' title="bbox 78 348 1222 1346">
    <p class='ocr_par' dir='ltr' id='par_1_2' title="bbox 78 348 1222 1346">
     <span class='ocr_line' id='line_1_2' title="bbox 81 348 1219 436; baseline -0.004 -18"><span class='ocrx_word' id='word_1_4' title='bbox 81 360 197 436; x_wconf 84' lang='lat' dir='ltr'>quaest.</span> <span class='ocrx_word' id='word_1_5' title='bbox 215 349 286 432; x_wconf 74' lang='lat'>154,</span> <span class='ocrx_word' id='word_1_6' title='bbox 309 355 364 416; x_wconf 86' lang='lat' dir='ltr'>art.</span> <span class='ocrx_word' id='word_1_7' title='bbox 387 351 418 416; x_wconf 84' lang='lat'>5.</span> <span class='ocrx_word' id='word_1_8' title='bbox 441 351 543 416; x_wconf 87' lang='lat' dir='ltr'>oscula</span> <span class='ocrx_word' id='word_1_9' title='bbox 566 356 597 414; x_wconf 89' lang='lat' dir='ltr'>et</span> <span class='ocrx_word' id='word_1_10' title='bbox 615 355 711 416; x_wconf 89' lang='lat' dir='ltr'>tactus</span> <span class='ocrx_word' id='word_1_11' title='bbox 728 369 782 432; x_wconf 89' lang='lat' dir='ltr'>per</span> <span class='ocrx_word' id='word_1_12' title='bbox 804 368 847 432; x_wconf 89' lang='lat' dir='ltr'>se,</span> <span class='ocrx_word' id='word_1_13' title='bbox 872 368 927 415; x_wconf 88' lang='lat' dir='ltr'>seu</span> <span class='ocrx_word' id='word_1_14' title='bbox 946 348 1110 414; x_wconf 87' lang='lat' dir='ltr'>secuudum</span> <span class='ocrx_word' id='word_1_15' title='bbox 1133 368 1219 414; x_wconf 88' lang='lat' dir='ltr'>suam</span> 
     </span>
     <span class='ocr_line' id='line_1_3' title="bbox 80 452 1221 535; baseline -0.003 -16"><span class='ocrx_word' id='word_1_16' title='bbox 80 463 229 520; x_wconf 85' lang='lat' dir='ltr'>rationem</span> <span class='ocrx_word' id='word_1_17' title='bbox 254 472 314 518; x_wconf 91' lang='lat' dir='ltr'>noo</span> <span class='ocrx_word' id='word_1_18' title='bbox 344 473 414 518; x_wconf 86' lang='lat' dir='ltr'>esse</span> <span class='ocrx_word' id='word_1_19' title='bbox 443 461 598 535; x_wconf 88' lang='lat' dir='ltr'>peccatum</span> <span class='ocrx_word' id='word_1_20' title='bbox 626 455 767 529; x_wconf 84' lang='lat' dir='ltr'>mortale3</span> <span class='ocrx_word' id='word_1_21' title='bbox 801 459 926 534; x_wconf 91' lang='lat' dir='ltr'>possunt</span> <span class='ocrx_word' id='word_1_22' title='bbox 949 458 1029 514; x_wconf 90' lang='lat' dir='ltr'>enim</span> <span class='ocrx_word' id='word_1_23' title='bbox 1053 452 1127 516; x_wconf 90' lang='lat' dir='ltr'>baec</span> <span class='ocrx_word' id='word_1_24' title='bbox 1148 453 1221 516; x_wconf 87' lang='lat' dir='ltr'>abs-</span> 
     </span>
     <span class='ocr_line' id='line_1_4' title="bbox 79 557 1221 642; baseline -0.005 -19"><span class='ocrx_word' id='word_1_25' title='bbox 79 580 139 642; x_wconf 88' lang='lat' dir='ltr'>que</span> <span class='ocrx_word' id='word_1_26' title='bbox 153 559 277 624; x_wconf 81' lang='lat' dir='ltr'>libidine</span> <span class='ocrx_word' id='word_1_27' title='bbox 305 559 380 636; x_wconf 89' lang='lat' dir='ltr'>fieri,</span> <span class='ocrx_word' id='word_1_28' title='bbox 404 561 451 624; x_wconf 88' lang='lat' dir='ltr'>vel</span> <span class='ocrx_word' id='word_1_29' title='bbox 473 564 593 642; x_wconf 88' lang='lat' dir='ltr'>propter</span> <span class='ocrx_word' id='word_1_30' title='bbox 616 557 864 622; x_wconf 81' lang='lat' dir='ltr'>consuetudinem</span> <span class='ocrx_word' id='word_1_31' title='bbox 882 561 1006 638; x_wconf 78' lang='lat' dir='ltr'>patriae,</span> <span class='ocrx_word' id='word_1_32' title='bbox 1029 557 1079 618; x_wconf 88' lang='lat' dir='ltr'>vel</span> <span class='ocrx_word' id='word_1_33' title='bbox 1101 562 1221 638; x_wconf 91' lang='lat' dir='ltr'>propter</span> 
     </span>
     <span class='ocr_line' id='line_1_5' title="bbox 80 657 1222 744; baseline -0.006 -18"><span class='ocrx_word' id='word_1_34' title='bbox 80 665 210 744; x_wconf 81' lang='lat' dir='ltr'>aliquam</span> <span class='ocrx_word' id='word_1_35' title='bbox 243 667 469 742; x_wconf 88' lang='lat' dir='ltr'>necessitatem,</span> <span class='ocrx_word' id='word_1_36' title='bbox 500 667 550 724; x_wconf 92' lang='lat' dir='ltr'>aut</span> <span class='ocrx_word' id='word_1_37' title='bbox 581 661 799 724; x_wconf 48' lang='lat' dir='ltr'>rationabilem¹</span> <span class='ocrx_word' id='word_1_38' title='bbox 819 678 949 724; x_wconf 86' lang='lat' dir='ltr'>oausam.</span> <span class='ocrx_word' id='word_1_39' title='bbox 996 659 1072 722; x_wconf 89' lang='lat' dir='ltr'>Hinc</span> <span class='ocrx_word' id='word_1_40' title='bbox 1100 665 1124 722; x_wconf 90' lang='lat' dir='ltr'>si</span> <span class='ocrx_word' id='word_1_41' title='bbox 1149 657 1222 722; x_wconf 82' lang='lat' dir='ltr'>liant</span> 
     </span>
     <span class='ocr_line' id='line_1_6' title="bbox 80 763 1220 846; baseline -0.003 -18"><span class='ocrx_word' id='word_1_42' title='bbox 80 787 148 828; x_wconf 78' lang='lat' dir='ltr'>cuna</span> <span class='ocrx_word' id='word_1_43' title='bbox 173 765 296 828; x_wconf 85' lang='lat' dir='ltr'>libidine</span> <span class='ocrx_word' id='word_1_44' title='bbox 329 767 377 828; x_wconf 90' lang='lat' dir='ltr'>vel</span> <span class='ocrx_word' id='word_1_45' title='bbox 407 765 540 829; x_wconf 88' lang='lat' dir='ltr'>libidinis</span> <span class='ocrx_word' id='word_1_46' title='bbox 573 763 726 846; x_wconf 89' lang='lat' dir='ltr'>periculo,</span> <span class='ocrx_word' id='word_1_47' title='bbox 761 763 926 826; x_wconf 87' lang='lat' dir='ltr'>secundum</span> <span class='ocrx_word' id='word_1_48' title='bbox 958 763 1038 846; x_wconf 89' lang='lat' dir='ltr'>qnod</span> <span class='ocrx_word' id='word_1_49' title='bbox 1061 763 1220 825; x_wconf 91' lang='lat' dir='ltr'>libidinosa</span> 
     </span>
     <span class='ocr_line' id='line_1_7' title="bbox 79 864 1221 948; baseline -0.008 -13"><span class='ocrx_word' id='word_1_50' title='bbox 79 877 159 946; x_wconf 86' lang='lat' dir='ltr'>sunt,</span> <span class='ocrx_word' id='word_1_51' title='bbox 183 875 251 932; x_wconf 93' lang='lat' dir='ltr'>sunt</span> <span class='ocrx_word' id='word_1_52' title='bbox 274 875 395 948; x_wconf 87' lang='lat' dir='ltr'>peccata</span> <span class='ocrx_word' id='word_1_53' title='bbox 409 869 563 944; x_wconf 89' lang='lat' dir='ltr'>mortalia;</span> <span class='ocrx_word' id='word_1_54' title='bbox 587 871 611 930; x_wconf 93' lang='lat' dir='ltr'>si</span> <span class='ocrx_word' id='word_1_55' title='bbox 635 886 708 930; x_wconf 88' lang='lat' dir='ltr'>vcro</span> <span class='ocrx_word' id='word_1_56' title='bbox 722 867 792 928; x_wconf 88' lang='lat' dir='ltr'>fiant</span> <span class='ocrx_word' id='word_1_57' title='bbox 815 885 854 928; x_wconf 82' lang='lat' dir='ltr'>ax</span> <span class='ocrx_word' id='word_1_58' title='bbox 870 872 1011 944; x_wconf 85' lang='lat' dir='ltr'>vanitate,</span> <span class='ocrx_word' id='word_1_59' title='bbox 1033 867 1115 948; x_wconf 88' lang='lat' dir='ltr'>joco,</span> <span class='ocrx_word' id='word_1_60' title='bbox 1140 864 1221 926; x_wconf 88' lang='lat' dir='ltr'>levi·</span> 
     </span>
     <span class='ocr_line' id='line_1_8' title="bbox 78 969 1221 1052; baseline -0.003 -18"><span class='ocrx_word' id='word_1_61' title='bbox 78 979 153 1052; x_wconf 86' lang='lat' dir='ltr'>tate,</span> <span class='ocrx_word' id='word_1_62' title='bbox 177 989 232 1034; x_wconf 88' lang='lat' dir='ltr'>seu</span> <span class='ocrx_word' id='word_1_63' title='bbox 256 970 416 1051; x_wconf 86' lang='lat' dir='ltr'>petulantia</span> <span class='ocrx_word' id='word_1_64' title='bbox 440 970 561 1050; x_wconf 87' lang='lat' dir='ltr'>veniali,</span> <span class='ocrx_word' id='word_1_65' title='bbox 586 975 674 1032; x_wconf 89' lang='lat' dir='ltr'>erunt</span> <span class='ocrx_word' id='word_1_66' title='bbox 696 969 793 1030; x_wconf 91' lang='lat' dir='ltr'>solum</span> <span class='ocrx_word' id='word_1_67' title='bbox 818 970 1004 1049; x_wconf 83' lang='lat' dir='ltr'>venialia,&#39;si</span> <span class='ocrx_word' id='word_1_68' title='bbox 1029 973 1125 1032; x_wconf 79' lang='lat' dir='ltr'>orrnnis</span> <span class='ocrx_word' id='word_1_69' title='bbox 1149 973 1221 1047; x_wconf 87' lang='lat' dir='ltr'>qui-</span> 
     </span>
     <span class='ocr_line' id='line_1_9' title="bbox 79 1073 1221 1152; baseline -0.005 -14"><span class='ocrx_word' id='word_1_70' title='bbox 79 1077 148 1138; x_wconf 90' lang='lat' dir='ltr'>dem</span> <span class='ocrx_word' id='word_1_71' title='bbox 172 1077 247 1138; x_wconf 90' lang='lat' dir='ltr'>absit</span> <span class='ocrx_word' id='word_1_72' title='bbox 270 1073 394 1136; x_wconf 89' lang='lat' dir='ltr'>allectus</span> <span class='ocrx_word' id='word_1_73' title='bbox 416 1073 613 1148; x_wconf 88' lang='lat' dir='ltr'>libidinosus,</span> <span class='ocrx_word' id='word_1_74' title='bbox 637 1078 667 1133; x_wconf 89' lang='lat' dir='ltr'>et</span> <span class='ocrx_word' id='word_1_75' title='bbox 690 1089 779 1134; x_wconf 91' lang='lat' dir='ltr'>omne</span> <span class='ocrx_word' id='word_1_76' title='bbox 801 1073 964 1152; x_wconf 90' lang='lat' dir='ltr'>periculum</span> <span class='ocrx_word' id='word_1_77' title='bbox 990 1073 1123 1136; x_wconf 86' lang='lat' dir='ltr'>rnortalls</span> <span class='ocrx_word' id='word_1_78' title='bbox 1146 1088 1221 1152; x_wconf 87' lang='lat' dir='ltr'>pee-</span> 
     </span>
     <span class='ocr_line' id='line_1_10' title="bbox 80 1177 1221 1258; baseline -0.005 -16"><span class='ocrx_word' id='word_1_79' title='bbox 80 1185 139 1242; x_wconf 90' lang='lat' dir='ltr'>cati</span> <span class='ocrx_word' id='word_1_80' title='bbox 164 1183 222 1239; x_wconf 90' lang='lat' dir='ltr'>tam</span> <span class='ocrx_word' id='word_1_81' title='bbox 245 1183 275 1254; x_wconf 84' lang='lat' dir='ltr'>in</span> <span class='ocrx_word' id='word_1_82' title='bbox 299 1195 343 1254; x_wconf 90' lang='lat' dir='ltr'>sc,</span> <span class='ocrx_word' id='word_1_83' title='bbox 367 1195 453 1258; x_wconf 88' lang='lat' dir='ltr'>quam</span> <span class='ocrx_word' id='word_1_84' title='bbox 477 1180 508 1238; x_wconf 91' lang='lat' dir='ltr'>in</span> <span class='ocrx_word' id='word_1_85' title='bbox 531 1177 602 1256; x_wconf 89' lang='lat' dir='ltr'>alio,</span> <span class='ocrx_word' id='word_1_86' title='bbox 625 1181 737 1240; x_wconf 89' lang='lat' dir='ltr'>attenta</span> <span class='ocrx_word' id='word_1_87' title='bbox 762 1181 878 1240; x_wconf 88' lang='lat' dir='ltr'>ratione</span> <span class='ocrx_word' id='word_1_88' title='bbox 902 1180 1125 1242; x_wconf 75' lang='lat' dir='ltr'>constitutionis</span> <span class='ocrx_word' id='word_1_89' title='bbox 1148 1192 1221 1256; x_wconf 90' lang='lat' dir='ltr'>per-</span> 
     </span>
     <span class='ocr_line' id='line_1_11' title="bbox 78 1299 230 1346; baseline -0.02 0"><span class='ocrx_word' id='word_1_90' title='bbox 78 1299 230 1346; x_wconf 91' lang='lat' dir='ltr'>sonarum.</span> 
     </span>
    </p>
   </div>
   <div class='ocr_carea' id='block_1_3' title="bbox 77 1397 1220 1672">
    <p class='ocr_par' dir='ltr' id='par_1_3' title="bbox 77 1397 1220 1672">
     <span class='ocr_line' id='line_1_12' title="bbox 166 1397 1220 1477; baseline -0.004 -13"><span class='ocrx_word' id='word_1_91' title='bbox 166 1400 336 1465; x_wconf 87' lang='lat' dir='ltr'>Notandum</span> <span class='ocrx_word' id='word_1_92' title='bbox 369 1399 404 1477; x_wconf 82' lang='lat'>2)</span> <span class='ocrx_word' id='word_1_93' title='bbox 436 1397 513 1461; x_wconf 89' lang='lat' dir='ltr'>bane</span> <span class='ocrx_word' id='word_1_94' title='bbox 544 1397 573 1460; x_wconf 94' lang='lat' dir='ltr'>d.</span> <span class='ocrx_word' id='word_1_95' title='bbox 612 1399 744 1462; x_wconf 81' lang='lat' dir='ltr'>Tbomae</span> <span class='ocrx_word' id='word_1_96' title='bbox 780 1400 944 1464; x_wconf 86' lang='lat' dir='ltr'>doctrinam</span> <span class='ocrx_word' id='word_1_97' title='bbox 980 1400 1118 1464; x_wconf 88' lang='lat' dir='ltr'>obtinere</span> <span class='ocrx_word' id='word_1_98' title='bbox 1160 1417 1220 1462; x_wconf 93' lang='lat' dir='ltr'>non</span> 
     </span>
     <span class='ocr_line' id='line_1_13' title="bbox 79 1501 1220 1583; baseline -0.002 -17"><span class='ocrx_word' id='word_1_99' title='bbox 79 1511 179 1568; x_wconf 89' lang='lat' dir='ltr'>minus</span> <span class='ocrx_word' id='word_1_100' title='bbox 201 1511 232 1566; x_wconf 92' lang='lat' dir='ltr'>in</span> <span class='ocrx_word' id='word_1_101' title='bbox 254 1504 396 1583; x_wconf 79' lang='lat' dir='ltr'>sponsis,</span> <span class='ocrx_word' id='word_1_102' title='bbox 429 1521 517 1582; x_wconf 86' lang='lat' dir='ltr'>quom</span> <span class='ocrx_word' id='word_1_103' title='bbox 539 1506 579 1569; x_wconf 82' lang='lat' dir='ltr'>¹‚in</span> <span class='ocrx_word' id='word_1_104' title='bbox 602 1503 667 1565; x_wconf 88' lang='lat' dir='ltr'>aliis</span> <span class='ocrx_word' id='word_1_105' title='bbox 696 1502 811 1566; x_wconf 88' lang='lat' dir='ltr'>solutis.</span> <span class='ocrx_word' id='word_1_106' title='bbox 851 1501 901 1567; x_wconf 86' lang='lat' dir='ltr'>Sic</span> <span class='ocrx_word' id='word_1_107' title='bbox 924 1503 1051 1582; x_wconf 85' lang='lat' dir='ltr'>Suarez,</span> <span class='ocrx_word' id='word_1_108' title='bbox 1076 1502 1164 1581; x_wconf 86' lang='lat' dir='ltr'>bess,</span> <span class='ocrx_word' id='word_1_109' title='bbox 1189 1509 1220 1564; x_wconf 90' lang='lat' dir='ltr'>et</span> 
     </span>
     <span class='ocr_line' id='line_1_14' title="bbox 77 1611 363 1672; baseline -0.007 -2"><span class='ocrx_word' id='word_1_110' title='bbox 77 1611 128 1672; x_wconf 86' lang='lat' dir='ltr'>alii</span> <span class='ocrx_word' id='word_1_111' title='bbox 153 1612 363 1671; x_wconf 89' lang='lat' dir='ltr'>communiter.</span> 
     </span>
    </p>
   </div>
   <div class='ocr_carea' id='block_1_4' title="bbox 78 1721 1224 2108">
    <p class='ocr_par' dir='ltr' id='par_1_4' title="bbox 78 1721 1224 2108">
     <span class='ocr_line' id='line_1_15' title="bbox 170 1721 1224 1806; baseline 0 -18"><span class='ocrx_word' id='word_1_112' title='bbox 170 1727 223 1789; x_wconf 86' lang='lat' dir='ltr'>His</span> <span class='ocrx_word' id='word_1_113' title='bbox 246 1730 349 1806; x_wconf 87' lang='lat' dir='ltr'>positis</span> <span class='ocrx_word' id='word_1_114' title='bbox 367 1723 452 1785; x_wconf 89' lang='lat' dir='ltr'>vides</span> <span class='ocrx_word' id='word_1_115' title='bbox 475 1721 510 1786; x_wconf 91' lang='lat' dir='ltr'>ad</span> <span class='ocrx_word' id='word_1_116' title='bbox 534 1741 635 1786; x_wconf 88' lang='lat' dir='ltr'>casum</span> <span class='ocrx_word' id='word_1_117' title='bbox 660 1741 753 1806; x_wconf 89' lang='lat' dir='ltr'>resp·</span> <span class='ocrx_word' id='word_1_118' title='bbox 768 1725 799 1789; x_wconf 88' lang='lat' dir='ltr'>Si</span> <span class='ocrx_word' id='word_1_119' title='bbox 826 1725 969 1792; x_wconf 90' lang='lat' dir='ltr'>Ludovioi</span> <span class='ocrx_word' id='word_1_120' title='bbox 994 1726 1094 1790; x_wconf 90' lang='lat' dir='ltr'>oscula</span> <span class='ocrx_word' id='word_1_121' title='bbox 1118 1725 1224 1789; x_wconf 85' lang='lat' dir='ltr'>essent</span> 
     </span>
     <span class='ocr_line' id='line_1_16' title="bbox 78 1825 1220 1913; baseline -0.004 -19"><span class='ocrx_word' id='word_1_122' title='bbox 78 1833 167 1913; x_wconf 77' lang='lat' dir='ltr'>Juxta</span> <span class='ocrx_word' id='word_1_123' title='bbox 197 1845 310 1890; x_wconf 87' lang='lat' dir='ltr'>morem</span> <span class='ocrx_word' id='word_1_124' title='bbox 339 1831 453 1910; x_wconf 80' lang='lat' dir='ltr'>patriae</span> <span class='ocrx_word' id='word_1_125' title='bbox 488 1832 519 1896; x_wconf 86' lang='lat' dir='ltr'>et</span> <span class='ocrx_word' id='word_1_126' title='bbox 553 1825 647 1890; x_wconf 90' lang='lat' dir='ltr'>solius</span> <span class='ocrx_word' id='word_1_127' title='bbox 681 1833 755 1890; x_wconf 88' lang='lat' dir='ltr'>casti</span> <span class='ocrx_word' id='word_1_128' title='bbox 783 1834 893 1890; x_wconf 89' lang='lat' dir='ltr'>amoris</span> <span class='ocrx_word' id='word_1_129' title='bbox 926 1848 960 1891; x_wconf 88' lang='lat' dir='ltr'>ao</span> <span class='ocrx_word' id='word_1_130' title='bbox 991 1829 1220 1891; x_wconf 84' lang='lat' dir='ltr'>benevolentiae</span> 
     </span>
     <span class='ocr_line' id='line_1_17' title="bbox 81 1929 1220 2012; baseline 0 -18"><span class='ocrx_word' id='word_1_131' title='bbox 81 1953 185 2012; x_wconf 87' lang='lat' dir='ltr'>causa,</span> <span class='ocrx_word' id='word_1_132' title='bbox 219 1935 413 1994; x_wconf 84' lang='lat' dir='ltr'>excusaretur</span> <span class='ocrx_word' id='word_1_133' title='bbox 435 1934 602 1992; x_wconf 88' lang='lat' dir='ltr'>assentiens</span> <span class='ocrx_word' id='word_1_134' title='bbox 624 1929 710 1992; x_wconf 85' lang='lat' dir='ltr'>Flora</span> <span class='ocrx_word' id='word_1_135' title='bbox 734 1937 871 2011; x_wconf 84' lang='lat' dir='ltr'>peccat03</span> <span class='ocrx_word' id='word_1_136' title='bbox 894 1933 948 1995; x_wconf 89' lang='lat' dir='ltr'>sed</span> <span class='ocrx_word' id='word_1_137' title='bbox 971 1937 1088 1995; x_wconf 87' lang='lat' dir='ltr'>etiamst</span> <span class='ocrx_word' id='word_1_138' title='bbox 1112 1932 1220 1994; x_wconf 88' lang='lat' dir='ltr'>alicubi</span> 
     </span>
     <span class='ocr_line' id='line_1_18' title="bbox 81 2033 1220 2108; baseline 0 -10"><span class='ocrx_word' id='word_1_139' title='bbox 81 2039 152 2100; x_wconf 82' lang='lat' dir='ltr'>tatis</span> <span class='ocrx_word' id='word_1_140' title='bbox 174 2033 362 2098; x_wconf 86' lang='lat' dir='ltr'>consuetudo</span> <span class='ocrx_word' id='word_1_141' title='bbox 386 2037 476 2108; x_wconf 88' lang='lat' dir='ltr'>esset,</span> <span class='ocrx_word' id='word_1_142' title='bbox 500 2039 622 2095; x_wconf 88' lang='lat' dir='ltr'>sanctus</span> <span class='ocrx_word' id='word_1_143' title='bbox 643 2033 694 2095; x_wconf 88' lang='lat' dir='ltr'>ille</span> <span class='ocrx_word' id='word_1_144' title='bbox 716 2039 827 2096; x_wconf 90' lang='lat' dir='ltr'>amoris</span> <span class='ocrx_word' id='word_1_145' title='bbox 850 2040 881 2095; x_wconf 91' lang='lat' dir='ltr'>et</span> <span class='ocrx_word' id='word_1_146' title='bbox 903 2035 1129 2098; x_wconf 87' lang='lat' dir='ltr'>benevolentiae</span> <span class='ocrx_word' id='word_1_147' title='bbox 1152 2036 1220 2098; x_wconf 91' lang='lat' dir='ltr'>linis</span> 
     </span>
    </p>
   </div>
   <div class='ocr_carea' id='block_1_5' title="bbox 80 2135 1324 2228">
    <p class='ocr_par' dir='ltr' id='par_1_5' title="bbox 80 2135 1324 2228">
     <span class='ocr_line' id='line_1_19' title="bbox 80 2135 1324 2228; baseline 0 -28"><span class='ocrx_word' id='word_1_148' title='bbox 80 2145 208 2202; x_wconf 86' lang='lat' dir='ltr'>estnec</span> <span class='ocrx_word' id='word_1_149' title='bbox 231 2144 301 2200; x_wconf 86' lang='lat' dir='ltr'>tun&#39;c</span> <span class='ocrx_word' id='word_1_150' title='bbox 323 2153 444 2218; x_wconf 84' lang='lat' dir='ltr'>quoque</span> <span class='ocrx_word' id='word_1_151' title='bbox 467 2135 555 2198; x_wconf 85' lang='lat' dir='ltr'>facile</span> <span class='ocrx_word' id='word_1_152' title='bbox 577 2137 831 2217; x_wconf 88' lang='lat' dir='ltr'>praesumendus,</span> <span class='ocrx_word' id='word_1_153' title='bbox 856 2144 887 2198; x_wconf 88' lang='lat' dir='ltr'>et</span> <span class='ocrx_word' id='word_1_154' title='bbox 908 2143 1033 2200; x_wconf 88' lang='lat' dir='ltr'>minime</span> <span class='ocrx_word' id='word_1_155' title='bbox 1061 2143 1093 2200; x_wconf 91' lang='lat' dir='ltr'>in</span> <span class='ocrx_word' id='word_1_156' title='bbox 1115 2138 1220 2200; x_wconf 80' lang='lat' dir='ltr'>Ludo·</span> <span class='ocrx_word' id='word_1_157' title='bbox 1312 2217 1324 2228; x_wconf 37' lang='grc' dir='ltr'>ι</span> 
     </span>
    </p>
   </div>
   <div class='ocr_carea' id='block_1_6' title="bbox 84 2238 1219 2324">
    <p class='ocr_par' dir='ltr' id='par_1_6' title="bbox 84 2238 1219 2324">
     <span class='ocr_line' id='line_1_20' title="bbox 84 2238 1219 2324; baseline -0.003 -19"><span class='ocrx_word' id='word_1_158' title='bbox 84 2249 164 2321; x_wconf 89' lang='lat' dir='ltr'>vico,</span> <span class='ocrx_word' id='word_1_159' title='bbox 188 2245 238 2323; x_wconf 86' lang='lat' dir='ltr'>qui</span> <span class='ocrx_word' id='word_1_160' title='bbox 262 2245 319 2302; x_wconf 92' lang='lat' dir='ltr'>tam</span> <span class='ocrx_word' id='word_1_161' title='bbox 342 2241 483 2302; x_wconf 86' lang='lat' dir='ltr'>ardenter</span> <span class='ocrx_word' id='word_1_162' title='bbox 511 2238 612 2301; x_wconf 83' lang='lat' dir='ltr'>oscula</span> <span class='ocrx_word' id='word_1_163' title='bbox 636 2243 750 2322; x_wconf 82' lang='lat' dir='ltr'>exigit,</span> <span class='ocrx_word' id='word_1_164' title='bbox 781 2246 813 2302; x_wconf 91' lang='lat' dir='ltr'>ut</span> <span class='ocrx_word' id='word_1_165' title='bbox 836 2241 1027 2304; x_wconf 84' lang='lat' dir='ltr'>verecundae</span> <span class='ocrx_word' id='word_1_166' title='bbox 1050 2246 1160 2324; x_wconf 80' lang='lat' dir='ltr'>virgini</span> <span class='ocrx_word' id='word_1_167' title='bbox 1183 2259 1219 2316; x_wconf 86' lang='lat' dir='ltr'>ea</span> 
     </span>
    </p>
   </div>
   <div class='ocr_carea' id='block_1_7' title="bbox 79 2341 1220 2842">
    <p class='ocr_par' dir='ltr' id='par_1_7' title="bbox 79 2341 1220 2842">
     <span class='ocr_line' id='line_1_21' title="bbox 81 2341 1220 2428; baseline -0.002 -20"><span class='ocrx_word' id='word_1_168' title='bbox 81 2347 244 2428; x_wconf 82' lang='lat' dir='ltr'>deneganti</span> <span class='ocrx_word' id='word_1_169' title='bbox 272 2348 427 2406; x_wconf 88' lang='lat' dir='ltr'>irascatur.</span> <span class='ocrx_word' id='word_1_170' title='bbox 472 2341 568 2426; x_wconf 84' lang='lat' dir='ltr'>Igitur</span> <span class='ocrx_word' id='word_1_171' title='bbox 590 2346 620 2402; x_wconf 89' lang='lat' dir='ltr'>in</span> <span class='ocrx_word' id='word_1_172' title='bbox 643 2347 726 2422; x_wconf 88' lang='lat' dir='ltr'>praxi</span> <span class='ocrx_word' id='word_1_173' title='bbox 749 2343 851 2406; x_wconf 90' lang='lat' dir='ltr'>oscula</span> <span class='ocrx_word' id='word_1_174' title='bbox 874 2348 929 2406; x_wconf 85' lang='lat' dir='ltr'>ista</span> <span class='ocrx_word' id='word_1_175' title='bbox 954 2345 1028 2407; x_wconf 90' lang='lat' dir='ltr'>mala</span> <span class='ocrx_word' id='word_1_176' title='bbox 1051 2351 1135 2421; x_wconf 89' lang='lat' dir='ltr'>sunt,</span> <span class='ocrx_word' id='word_1_177' title='bbox 1168 2349 1220 2406; x_wconf 92' lang='lat' dir='ltr'>aut</span> 
     </span>
     <span class='ocr_line' id='line_1_22' title="bbox 80 2443 1217 2528; baseline 0 -18"><span class='ocrx_word' id='word_1_178' title='bbox 80 2455 196 2510; x_wconf 76' lang='lat' dir='ltr'>centurn</span> <span class='ocrx_word' id='word_1_179' title='bbox 221 2447 289 2508; x_wconf 89' lang='lat' dir='ltr'>mali</span> <span class='ocrx_word' id='word_1_180' title='bbox 311 2445 493 2526; x_wconf 84' lang='lat' dir='ltr'>pericnlum3</span> <span class='ocrx_word' id='word_1_181' title='bbox 517 2443 596 2508; x_wconf 91' lang='lat' dir='ltr'>unde</span> <span class='ocrx_word' id='word_1_182' title='bbox 620 2449 724 2526; x_wconf 88' lang='lat' dir='ltr'>nequit</span> <span class='ocrx_word' id='word_1_183' title='bbox 745 2445 831 2509; x_wconf 85' lang='lat' dir='ltr'>Flora</span> <span class='ocrx_word' id='word_1_184' title='bbox 860 2446 966 2508; x_wconf 90' lang='lat' dir='ltr'>iisdem</span> <span class='ocrx_word' id='word_1_185' title='bbox 996 2452 1062 2510; x_wconf 87' lang='lat' dir='ltr'>sine</span> <span class='ocrx_word' id='word_1_186' title='bbox 1092 2453 1217 2528; x_wconf 88' lang='lat' dir='ltr'>peccato</span> 
     </span>
     <span class='ocr_line' id='line_1_23' title="bbox 79 2545 1217 2634; baseline 0.001 -20"><span class='ocrx_word' id='word_1_187' title='bbox 79 2555 232 2618; x_wconf 90' lang='lat' dir='ltr'>assentiri.</span> <span class='ocrx_word' id='word_1_188' title='bbox 278 2545 364 2622; x_wconf 87' lang='lat' dir='ltr'>Ouod</span> <span class='ocrx_word' id='word_1_189' title='bbox 387 2547 464 2610; x_wconf 88' lang='lat' dir='ltr'>adeo</span> <span class='ocrx_word' id='word_1_190' title='bbox 487 2547 612 2610; x_wconf 87' lang='lat' dir='ltr'>evidens</span> <span class='ocrx_word' id='word_1_191' title='bbox 634 2554 688 2625; x_wconf 90' lang='lat' dir='ltr'>est,</span> <span class='ocrx_word' id='word_1_192' title='bbox 714 2553 746 2608; x_wconf 91' lang='lat' dir='ltr'>ut</span> <span class='ocrx_word' id='word_1_193' title='bbox 766 2551 831 2630; x_wconf 86' lang='lat' dir='ltr'>lpse</span> <span class='ocrx_word' id='word_1_194' title='bbox 850 2547 985 2625; x_wconf 86' lang='lat' dir='ltr'>Lacroix,</span> <span class='ocrx_word' id='word_1_195' title='bbox 1008 2551 1057 2616; x_wconf 85' lang='lat' dir='ltr'>lib</span> <span class='ocrx_word' id='word_1_196' title='bbox 1082 2551 1110 2616; x_wconf 87' lang='lat'>6.</span> <span class='ocrx_word' id='word_1_197' title='bbox 1135 2571 1163 2634; x_wconf 91' lang='lat' dir='ltr'>p.</span> <span class='ocrx_word' id='word_1_198' title='bbox 1186 2549 1217 2615; x_wconf 80' lang='lat'>3.</span> 
     </span>
     <span class='ocr_line' id='line_1_24' title="bbox 81 2650 1217 2734; baseline 0.001 -18"><span class='ocrx_word' id='word_1_199' title='bbox 81 2675 109 2720; x_wconf 88' lang='lat' dir='ltr'>n.</span> <span class='ocrx_word' id='word_1_200' title='bbox 142 2654 192 2731; x_wconf 74' lang='lat'>15,</span> <span class='ocrx_word' id='word_1_201' title='bbox 227 2657 310 2714; x_wconf 89' lang='lat' dir='ltr'>certo</span> <span class='ocrx_word' id='word_1_202' title='bbox 340 2669 401 2714; x_wconf 91' lang='lat' dir='ltr'>non</span> <span class='ocrx_word' id='word_1_203' title='bbox 429 2650 545 2734; x_wconf 83' lang='lat' dir='ltr'>rigidus</span> <span class='ocrx_word' id='word_1_204' title='bbox 576 2651 743 2730; x_wconf 77' lang='lat' dir='ltr'>naoralista,</span> <span class='ocrx_word' id='word_1_205' title='bbox 776 2651 877 2716; x_wconf 88' lang='lat' dir='ltr'>relatis</span> <span class='ocrx_word' id='word_1_206' title='bbox 906 2653 1056 2734; x_wconf 85' lang='lat' dir='ltr'>Sanclrez,</span> <span class='ocrx_word' id='word_1_207' title='bbox 1080 2653 1217 2717; x_wconf 86' lang='lat' dir='ltr'>Busemb.</span> 
     </span>
     <span class='ocr_line' id='line_1_25' title="bbox 81 2754 1218 2842; baseline -0.004 -21"><span class='ocrx_word' id='word_1_208' title='bbox 81 2757 188 2835; x_wconf 81' lang='lat' dir='ltr'>Gobat,</span> <span class='ocrx_word' id='word_1_209' title='bbox 212 2757 400 2834; x_wconf 88' lang='lat' dir='ltr'>aliorumque</span> <span class='ocrx_word' id='word_1_210' title='bbox 422 2754 614 2834; x_wconf 83' lang='lat' dir='ltr'>opinionibus</span> <span class='ocrx_word' id='word_1_211' title='bbox 636 2758 680 2816; x_wconf 90' lang='lat' dir='ltr'>sic</span> <span class='ocrx_word' id='word_1_212' title='bbox 701 2755 875 2818; x_wconf 74' lang='lat' dir='ltr'>oonoludatz</span> <span class='ocrx_word' id='word_1_213' title='bbox 898 2755 1009 2834; x_wconf 75' lang='lat' dir='ltr'>„Quod</span> <span class='ocrx_word' id='word_1_214' title='bbox 1032 2763 1131 2822; x_wconf 84' lang='lat' dir='ltr'>autem</span> <span class='ocrx_word' id='word_1_215' title='bbox 1154 2756 1218 2842; x_wconf 80' lang='lat' dir='ltr'>Bp-</span> 
     </span>
    </p>
   </div>
   <div class='ocr_carea' id='block_1_8' title="bbox 75 2857 1218 3247">
    <p class='ocr_par' dir='ltr' id='par_1_8' title="bbox 75 2857 1218 3247">
     <span class='ocr_line' id='line_1_26' title="bbox 79 2857 1218 2937; baseline 0.001 -16"><span class='ocrx_word' id='word_1_216' title='bbox 79 2859 234 2922; x_wconf 87' lang='lat' dir='ltr'>sembaum</span> <span class='ocrx_word' id='word_1_217' title='bbox 258 2857 329 2919; x_wconf 93' lang='lat' dir='ltr'>dicit</span> <span class='ocrx_word' id='word_1_218' title='bbox 352 2904 361 2937; x_wconf 88' lang='lat'>,</span> <span class='ocrx_word' id='word_1_219' title='bbox 386 2859 478 2920; x_wconf 88' lang='lat' dir='ltr'>lioare</span> <span class='ocrx_word' id='word_1_220' title='bbox 502 2857 604 2920; x_wconf 84' lang='lat' dir='ltr'>oscula</span> <span class='ocrx_word' id='word_1_221' title='bbox 627 2862 747 2936; x_wconf 89' lang='lat' dir='ltr'>sponsis</span> <span class='ocrx_word' id='word_1_222' title='bbox 755 2903 763 2936; x_wconf 93' lang='lat'>,</span> <span class='ocrx_word' id='word_1_223' title='bbox 798 2861 824 2919; x_wconf 93' lang='lat' dir='ltr'>si</span> <span class='ocrx_word' id='word_1_224' title='bbox 848 2864 960 2921; x_wconf 89' lang='lat' dir='ltr'>tantum</span> <span class='ocrx_word' id='word_1_225' title='bbox 982 2859 1138 2922; x_wconf 89' lang='lat' dir='ltr'>intendant</span> <span class='ocrx_word' id='word_1_226' title='bbox 1160 2859 1218 2922; x_wconf 86' lang='lat' dir='ltr'>de-</span> 
     </span>
     <span class='ocr_line' id='line_1_27' title="bbox 75 2957 1217 3043; baseline -0.001 -18"><span class='ocrx_word' id='word_1_227' title='bbox 75 2963 269 3025; x_wconf 89' lang='lat' dir='ltr'>lectationem</span> <span class='ocrx_word' id='word_1_228' title='bbox 292 2963 492 3040; x_wconf 79' lang='lat' dir='ltr'>sensitivam,</span> <span class='ocrx_word' id='word_1_229' title='bbox 532 2977 591 3021; x_wconf 90' lang='lat' dir='ltr'>non</span> <span class='ocrx_word' id='word_1_230' title='bbox 618 2957 737 3020; x_wconf 87' lang='lat' dir='ltr'>videtur</span> <span class='ocrx_word' id='word_1_231' title='bbox 769 2961 937 3042; x_wconf 84' lang='lat' dir='ltr'>probabile,</span> <span class='ocrx_word' id='word_1_232' title='bbox 968 2967 1036 3043; x_wconf 85' lang='lat' dir='ltr'>quia</span> <span class='ocrx_word' id='word_1_233' title='bbox 1064 2963 1217 3025; x_wconf 89' lang='lat' dir='ltr'>ordinarie</span> 
     </span>
     <span class='ocr_line' id='line_1_28' title="bbox 76 3061 1216 3146; baseline -0.002 -16"><span class='ocrx_word' id='word_1_234' title='bbox 76 3082 199 3146; x_wconf 88' lang='lat' dir='ltr'>semper</span> <span class='ocrx_word' id='word_1_235' title='bbox 229 3061 324 3128; x_wconf 89' lang='lat' dir='ltr'>aderit</span> <span class='ocrx_word' id='word_1_236' title='bbox 353 3061 665 3146; x_wconf 85' lang='lat' dir='ltr'>cartumpericulum</span> <span class='ocrx_word' id='word_1_237' title='bbox 694 3063 902 3126; x_wconf 86' lang='lat' dir='ltr'>consentiendi</span> <span class='ocrx_word' id='word_1_238' title='bbox 932 3067 964 3128; x_wconf 91' lang='lat' dir='ltr'>in</span> <span class='ocrx_word' id='word_1_239' title='bbox 987 3065 1216 3130; x_wconf 86' lang='lat' dir='ltr'>delectationem</span> 
     </span>
     <span class='ocr_line' id='line_1_29' title="bbox 75 3163 1216 3247; baseline 0 -17"><span class='ocrx_word' id='word_1_240' title='bbox 75 3170 245 3244; x_wconf 65' lang='lat' dir='ltr'>aenean,</span> <span class='ocrx_word' id='word_1_241' title='bbox 269 3183 346 3246; x_wconf 78' lang='lat' dir='ltr'>quae</span> <span class='ocrx_word' id='word_1_242' title='bbox 370 3168 463 3229; x_wconf 80' lang='lat' dir='ltr'>simet</span> <span class='ocrx_word' id='word_1_243' title='bbox 486 3171 544 3230; x_wconf 88' lang='lat' dir='ltr'>erit</span> <span class='ocrx_word' id='word_1_244' title='bbox 568 3166 729 3247; x_wconf 87' lang='lat' dir='ltr'>conjuncta</span> <span class='ocrx_word' id='word_1_245' title='bbox 741 3163 776 3242; x_wconf 93' lang='lat'>¹).</span> <span class='ocrx_word' id='word_1_246' title='bbox 1213 3179 1216 3184; x_wconf 85' lang='grc'><strong><em>·</em></strong></span> 
     </span>
    </p>
   </div>
   <div class='ocr_carea' id='block_1_9' title="bbox 75 3285 1217 3781">
    <p class='ocr_par' dir='ltr' id='par_1_9' title="bbox 75 3285 1217 3781">
     <span class='ocr_line' id='line_1_30' title="bbox 164 3285 1217 3368; baseline 0.005 -19"><span class='ocrx_word' id='word_1_247' title='bbox 164 3285 200 3365; x_wconf 74' lang='grc'>2)</span> <span class='ocrx_word' id='word_1_248' title='bbox 223 3285 339 3366; x_wconf 84' lang='lat' dir='ltr'>sponso</span> <span class='ocrx_word' id='word_1_249' title='bbox 361 3287 398 3348; x_wconf 92' lang='lat' dir='ltr'>de</span> <span class='ocrx_word' id='word_1_250' title='bbox 421 3287 537 3364; x_wconf 81' lang='lat' dir='ltr'>tuturo,</span> <span class='ocrx_word' id='word_1_251' title='bbox 562 3287 737 3368; x_wconf 77' lang='lat' dir='ltr'>frequenter</span> <span class='ocrx_word' id='word_1_252' title='bbox 766 3288 849 3368; x_wconf 90' lang='lat' dir='ltr'>lapso</span> <span class='ocrx_word' id='word_1_253' title='bbox 878 3293 909 3350; x_wconf 89' lang='lat' dir='ltr'>in</span> <span class='ocrx_word' id='word_1_254' title='bbox 945 3296 1029 3352; x_wconf 89' lang='lat' dir='ltr'>actus</span> <span class='ocrx_word' id='word_1_255' title='bbox 1067 3288 1217 3354; x_wconf 88' lang='lat' dir='ltr'>inhones-</span> 
     </span>
     <span class='ocr_line' id='line_1_31' title="bbox 75 3377 1217 3474; baseline 0.002 -22"><span class='ocrx_word' id='word_1_256' title='bbox 75 3397 136 3468; x_wconf 79' lang='lat' dir='ltr'>toS,</span> <span class='ocrx_word' id='word_1_257' title='bbox 169 3393 272 3452; x_wconf 85' lang='lat' dir='ltr'>statuit</span> <span class='ocrx_word' id='word_1_258' title='bbox 300 3389 503 3452; x_wconf 80' lang='lat' dir='ltr'>confessarius</span> <span class='ocrx_word' id='word_1_259' title='bbox 533 3388 718 3470; x_wconf 87' lang='lat' dir='ltr'>suspendere</span> <span class='ocrx_word' id='word_1_260' title='bbox 747 3377 980 3454; x_wconf 84' lang='lat' dir='ltr'>absolutionem:</span> <span class='ocrx_word' id='word_1_261' title='bbox 1011 3397 1051 3455; x_wconf 90' lang='lat' dir='ltr'>ait</span> <span class='ocrx_word' id='word_1_262' title='bbox 1078 3397 1146 3474; x_wconf 88' lang='lat' dir='ltr'>quia</span> <span class='ocrx_word' id='word_1_263' title='bbox 1169 3393 1217 3455; x_wconf 92' lang='lat' dir='ltr'>bic</span> 
     </span>
     <span class='ocr_line' id='line_1_32' title="bbox 75 3491 1216 3574; baseline 0.001 -16"><span class='ocrx_word' id='word_1_264' title='bbox 75 3494 195 3570; x_wconf 86' lang='lat' dir='ltr'>subdit,</span> <span class='ocrx_word' id='word_1_265' title='bbox 228 3491 334 3554; x_wconf 80' lang='lat' dir='ltr'>iactam</span> <span class='ocrx_word' id='word_1_266' title='bbox 363 3493 424 3573; x_wconf 91' lang='lat' dir='ltr'>jam</span> <span class='ocrx_word' id='word_1_267' title='bbox 455 3509 523 3554; x_wconf 89' lang='lat' dir='ltr'>esse</span> <span class='ocrx_word' id='word_1_268' title='bbox 553 3496 584 3553; x_wconf 93' lang='lat' dir='ltr'>in</span> <span class='ocrx_word' id='word_1_269' title='bbox 613 3491 747 3554; x_wconf 87' lang='lat' dir='ltr'>Ecclesia</span> <span class='ocrx_word' id='word_1_270' title='bbox 777 3491 924 3574; x_wconf 90' lang='lat' dir='ltr'>duplicem</span> <span class='ocrx_word' id='word_1_271' title='bbox 959 3495 1216 3558; x_wconf 89' lang='lat' dir='ltr'>denuntiationem</span> 
     </span>
     <span class='ocr_line' id='line_1_33' title="bbox 75 3593 1216 3680; baseline 0.002 -20"><span class='ocrx_word' id='word_1_272' title='bbox 75 3618 131 3679; x_wconf 93' lang='lat' dir='ltr'>pro</span> <span class='ocrx_word' id='word_1_273' title='bbox 155 3598 344 3660; x_wconf 90' lang='lat' dir='ltr'>matrimonio</span> <span class='ocrx_word' id='word_1_274' title='bbox 362 3613 428 3656; x_wconf 89' lang='lat' dir='ltr'>cum</span> <span class='ocrx_word' id='word_1_275' title='bbox 451 3599 515 3674; x_wconf 91' lang='lat' dir='ltr'>ipsa</span> <span class='ocrx_word' id='word_1_276' title='bbox 536 3593 679 3670; x_wconf 90' lang='lat' dir='ltr'>ineundo,</span> <span class='ocrx_word' id='word_1_277' title='bbox 702 3593 800 3656; x_wconf 89' lang='lat' dir='ltr'>eidem</span> <span class='ocrx_word' id='word_1_278' title='bbox 823 3596 1040 3660; x_wconf 90' lang='lat' dir='ltr'>absolutionem</span> <span class='ocrx_word' id='word_1_279' title='bbox 1060 3599 1216 3680; x_wconf 88' lang='lat' dir='ltr'>impendit.</span> 
     </span>
     <span class='ocr_line' id='line_1_34' title="bbox 76 3697 1216 3781; baseline 0 -19"><span class='ocrx_word' id='word_1_280' title='bbox 76 3701 260 3777; x_wconf 79' lang='lat' dir='ltr'>Quaeritur,</span> <span class='ocrx_word' id='word_1_281' title='bbox 284 3715 322 3761; x_wconf 89' lang='lat' dir='ltr'>an</span> <span class='ocrx_word' id='word_1_282' title='bbox 351 3703 434 3759; x_wconf 88' lang='lat' dir='ltr'>recte</span> <span class='ocrx_word' id='word_1_283' title='bbox 461 3697 491 3758; x_wconf 91' lang='lat' dir='ltr'>id</span> <span class='ocrx_word' id='word_1_284' title='bbox 522 3703 654 3781; x_wconf 83' lang='lat' dir='ltr'>peragat.</span> <span class='ocrx_word' id='word_1_285' title='bbox 699 3697 862 3778; x_wconf 82' lang='lat' dir='ltr'>Secunda,</span> <span class='ocrx_word' id='word_1_286' title='bbox 892 3701 1073 3780; x_wconf 86' lang='lat' dir='ltr'>quotuplicis</span> <span class='ocrx_word' id='word_1_287' title='bbox 1102 3705 1216 3781; x_wconf 88' lang='lat' dir='ltr'>peccati</span> 
     </span>
    </p>
   </div>
   <div class='ocr_carea' id='block_1_10' title="bbox 69 3969 737 4044">
    <p class='ocr_par' dir='ltr' id='par_1_10' title="bbox 69 3969 737 4044">
     <span class='ocr_line' id='line_1_35' title="bbox 69 3969 737 4044; baseline -0.001 -20"><span class='ocrx_word' id='word_1_288' title='bbox 69 4035 73 4042; x_wconf 38' lang='lat'><strong><em>‚</em></strong></span> <span class='ocrx_word' id='word_1_289' title='bbox 103 3975 127 4044; x_wconf 83' lang='lat'>¹)</span> <span class='ocrx_word' id='word_1_290' title='bbox 147 3971 228 4026; x_wconf 69' lang='lat' dir='ltr'>fusus</span> <span class='ocrx_word' id='word_1_291' title='bbox 247 3983 331 4025; x_wconf 72' lang='lat' dir='ltr'>conso.</span> <span class='ocrx_word' id='word_1_292' title='bbox 350 3969 444 4024; x_wconf 85' lang='lat' dir='ltr'>Bened.</span> <span class='ocrx_word' id='word_1_293' title='bbox 462 3969 528 4024; x_wconf 82' lang='lat' dir='ltr'>xiv.</span> <span class='ocrx_word' id='word_1_294' title='bbox 546 3987 571 4040; x_wconf 85' lang='lat' dir='ltr'>p.</span> <span class='ocrx_word' id='word_1_295' title='bbox 589 3970 622 4023; x_wconf 80' lang='lat'>25</span> <span class='ocrx_word' id='word_1_296' title='bbox 642 3977 737 4044; x_wconf 84' lang='lat' dir='ltr'>etseq.</span> 
     </span>
    </p>
   </div>
   <div class='ocr_carea' id='block_1_11' title="bbox 0 0 1372 4660">
    <p class='ocr_par' dir='ltr' id='par_1_11' title="bbox 0 0 1372 4660">
     <span class='ocr_line' id='line_1_36' title="bbox 0 0 1372 4660; baseline 0 0"><span class='ocrx_word' id='word_1_297' title='bbox 0 0 1372 4660; x_wconf 95' lang='lat' dir='ltr'> </span> 
     </span>
    </p>
   </div>
  </div>
 </body>
</html>
