2742 4660
424 251 462 303 De
480 254 640 304 matrimonio
658 235 804 306 secuudum'
817 269 853 306 ss.
1189 239 1209 302 3

155 412 375 489 praesumitur,
404 413 540 489 quamvis
563 427 743 470 eonsensum
767 427 909 489 expresse
932 427 999 472 esse
1023 410 1123 473 datum
1147 430 1208 474 non

155 517 287 585 constet3
307 509 334 584 1)
363 514 553 591 putativum,
590 513 670 593 quod
702 517 821 590 putatur
854 514 988 595 legitime
1021 522 1207 578 contractum

154 634 241 694 esse,
269 635 337 676 curn
363 623 461 680 tamen
485 617 522 679 ob
546 617 641 678 latens
664 615 786 696 aliquod
808 617 1053 696 impedimentum
1076 623 1115 680 sit
1137 617 1208 680 nui-

152 719 232 797 lum3
265 720 407 796 dubium,
441 719 519 799 quoti
551 720 606 781 sub
639 719 728 780 dubio
758 719 795 779 de
826 720 1040 799 impedimento
1072 717 1207 782 obstante

156 829 359 900 contractum,
383 829 485 903 postea
508 823 544 884 ab
567 821 623 884 bec
646 823 736 884 dubio
759 828 879 905 purgari
904 841 964 884 non
988 829 1104 904 potest,
1129 823 1208 884 untie

154 944 213 988 nee
238 927 275 988 de
300 927 366 1006 ejus
390 923 541 988 validitate
563 945 618 988 nec
642 926 824 986 invaliditate
848 931 930 986 certo
954 931 1076 988 constat.

597 1105 624 1172 §.
649 1098 678 1162 2.

407 1216 458 1274 Da
477 1214 629 1274 essentia
646 1213 869 1272 matrimonii.

151 1335 173 1396 i.
199 1333 321 1413 „Causa
337 1334 473 1396 efficiens
491 1337 671 1396 matrimonii
689 1335 869 1416 regulariter
877 1330 905 1408 2)
930 1339 976 1394 est
995 1340 1114 1396 ruutuus
1131 1354 1208 1396 eon-

70 1454 174 1497 sensus
200 1455 255 1516 per
277 1438 367 1498 verba
391 1438 427 1498 de
449 1442 599 1517 praesenti
624 1432 856 1518 expressus.“³)
880 1436 959 1496 idem
975 1454 1058 1515 vero,
1084 1443 1115 1498 ut
1135 1437 1207 1498 dicit

69 1538 94 1600 S.
118 1538 267 1618 Thomas,
300 1559 359 1602 nun
388 1547 433 1601 est
461 1559 549 1602 causa
579 1545 624 1602 sui
654 1525 761 1620 ipsius3
791 1544 885 1622 igitur
914 1539 1093 1618 dicendum,
1126 1539 1206 1620 quod

70 1647 292 1702 matrimonium
322 1661 382 1704 non
413 1650 458 1704 est
486 1649 551 1722 ipse
580 1641 798 1720 consensuS‚⁴)
831 1661 884 1704 seu
914 1640 994 1722 quod
1026 1647 1204 1704 matrimonii

68 1751 197 1807 essentia
222 1764 283 1808 nun
307 1749 444 1808 consistit
465 1749 496 1806 in
518 1763 679 1822 consensu,
703 1744 757 1806 sed
779 1750 877 1826 potius
898 1749 930 1806 in
948 1744 1013 1824 boc,
1038 1744 1118 1823 quod
1140 1749 1206 1806 ori-

70 1855 112 1908 tur
141 1866 183 1908 ex
206 1865 376 1926 consensu,
410 1854 548 1928 tanquam
572 1867 723 1910 excausa
747 1847 914 1926 efficiente,
947 1847 975 1908 b.
999 1866 1025 1910 e.
1050 1853 1079 1907 in
1104 1854 1204 1910 mutua

68 1951 253 2032 obligatione
276 1957 307 2012 et
328 1969 409 2014 nexu
431 1969 485 2012 seu
506 1953 716 2031 conjunctione
739 1956 816 2014 inter
834 1949 1044 2014 contrahentes
1067 1969 1105 2012 ex
1127 1969 1206 2012 eon-

68 2071 155 2114 sensu
173 2059 381 2132 proveniente.
396 2054 445 2116 Sic
455 2053 562 2116 decent
576 2053 720 2138 Tbeotogi
736 2057 935 2115 communiter
946 2071 1014 2114 cum
1025 2049 1201 2118 Catecbism.

68 2154 188 2231 tiamsi)
237 2157 323 2218 Unde
346 2165 459 2218 certum
484 2164 545 2236 est,
580 2158 611 2232 1)
634 2163 920 2220 consummationem
947 2159 1126 2218 matrimonii
1150 2173 1203 2235 per

69 2260 202 2338 copulam
228 2261 379 2322 carnatem
403 2260 506 2322 saltem
531 2259 567 2320 eri
590 2265 751 2320 essentiam
774 2259 998 2324 substantialem
1022 2262 1202 2322 matrimonii

70 2362 238 2424 nuliatenus
261 2366 383 2441 reqttiri,
408 2367 476 2442 quia
499 2361 585 2422 aliter
610 2379 774 2424 consensus
797 2383 856 2424 non
879 2367 961 2424 esset
982 2379 1088 2424 revera
1112 2379 1200 2424 causa

69 2463 201 2526 efficiens
226 2464 453 2540 matriruonii.‘⁵)
477 2465 803 2540 marmannorum
827 2470 946 2546 passive
963 2470 1123 2544 sumptum,
1148 2479 1203 2525 seu

95 2736 114 2802 1)
134 2737 162 2787 in
189 2735 230 2786 bis
256 2739 412 2802 potissimum
436 2737 535 2788 casibus
562 2741 589 2804 a)
613 2738 714 2806 quando
738 2746 794 2804 post
817 2737 943 2804 sponsatis
967 2737 1015 2786 rite
1038 2742 1063 2784 ot
1088 2733 1202 2785 absolute

132 2825 193 2872 inita
217 2821 309 2888 rapula
335 2822 442 2876 carnaiis
467 2823 635 2894 subsequatur
659 2827 683 2874 in
708 2824 756 2874 iiiis
779 2824 855 2884 iocis,
881 2821 924 2874 nbi
950 2820 1078 2873 decretum
1098 2817 1201 2871 Conciiii

131 2907 199 2957 Trid.
220 2906 253 2958 de
272 2909 472 2960 ctesidestinitate
491 2926 542 2960 non
562 2913 636 2978 riget.
661 2909 689 2974 b)
709 2909 809 2978 quando
829 2919 883 2975 post
902 2909 1085 2958 matrimonium
1110 2905 1201 2957 condi-

132 2995 242 3054 tionate,
261 2995 349 3044 initum
369 3004 426 3048 aute
443 2996 592 3046 conditionis
606 3005 725 3048 eventum
744 2998 885 3046 intercessit
897 2995 1074 3044 commercium
1093 2993 1202 3044 cernale.

131 3084 157 3145 e)
178 3078 283 3147 quotide
307 3088 364 3146 post
383 3085 566 3134 matrimonium
590 3081 621 3134 ab
640 3080 810 3148 impuberibus
830 3079 940 3132 invalide
963 3087 1118 3130 contractum
1138 3081 1202 3129 inter

130 3165 254 3226 eosdem,
280 3166 410 3232 pubertate
435 3176 516 3218 tanton
542 3168 648 3236 adepta,
675 3167 845 3220 interveniunt
874 3169 946 3236 signa
973 3165 1085 3216 ratificati
1113 3165 1201 3232 prioris

131 3267 286 3302 consensus.

91 3339 112 3400 ²)
130 3337 296 3402 reputariter
321 3337 479 3406 jungendum
503 3347 539 3390 est
568 3355 625 3390 cum
651 3338 813 3406 sequentibus
839 3355 886 3404 prr
909 3338 988 3388 verba
1011 3337 1041 3388 de
1070 3339 1204 3404 praesenti

131 3440 285 3492 expressus.

92 3510 112 3574 3)
131 3511 176 3560 Sic
194 3509 328 3577 Eugenius
347 3509 389 3561 IV.
408 3513 432 3560 in
451 3510 543 3560 decret.
563 3510 666 3562 Unionis
686 3526 731 3576 pro
749 3509 874 3559 Armenia.

89 3595 111 3660 ⁴)
131 3596 156 3648 S.
176 3595 266 3647 Thom.
285 3612 383 3646 summa
401 3595 445 3646 Tb.
464 3596 546 3663 suppl.
565 3613 588 3664 q.
607 3597 648 3645 45.
667 3612 690 3646 a.
711 3595 733 3646 1.
796 3629 799 3636 2

91 3681 112 3747 5)
130 3682 157 3732 Si
178 3682 280 3746 dicitur,
298 3685 434 3732 essentiam
454 3683 605 3731 matrimonii
625 3684 762 3731 consistere
780 3681 804 3728 in
823 3680 937 3740 vinario,
958 3677 1086 3728 vincutum
1106 3676 1201 3725 torma-

132 3769 189 3820 iiter
208 3769 360 3820 sumendum
385 3778 436 3830 est,
461 3783 509 3818 non
530 3767 644 3817 effective
667 3767 704 3829 (b.
723 3782 746 3816 e.
765 3765 891 3815 vinculum
916 3779 966 3814 iton
990 3762 1114 3830 significat
1138 3775 1201 3808 con-

132 3871 245 3918 sensum,
264 3854 309 3906 sed
329 3853 553 3919 conjunctionem).
572 3883 605 3890 ——
624 3853 647 3902 S.
659 3851 745 3904 Tbmn.
764 3851 846 3918 suppi.
863 3858 958 3917 quaest.
971 3850 1010 3922 it.
1022 3864 1043 3898 a.
1057 3847 1078 3897 i.
1098 3844 1199 3894 Cateetr.

132 3942 204 3992 Reor.
223 3941 238 3992 i.
258 3959 279 3992 e.
291 3949 399 4009 ¹quaest.
418 3941 443 3992 t.

94 4027 115 4092 ὅ)
133 4025 280 4078 Cetecbism.
295 4027 368 4078 Rom.
381 4026 396 4076 l.
411 4043 432 4078 c.
446 4034 541 4096 quaest.
554 4026 579 4076 8.
598 4025 684 4090 „hune
696 4033 719 4072 et
738 4025 831 4092 primos
851 4027 966 4087 parentes
985 4027 1043 4068 ante
1062 4023 1202 4084 peceatum,

957 4105 995 4168 lii
