2758 4664
167 166 230 236 482
425 187 463 240 lia
479 188 666 255 inpuiinonaia
690 189 879 242 matrimonium
906 185 1085 240 dirimentibus.

253 343 300 420 2).
315 341 442 406 'Certum
472 351 533 422 ost,
565 349 621 408 elsi
652 345 796 422 parochus
824 343 881 407 hoc
911 344 1064 406 decretum
1087 341 1216 404 concilii
1244 357 1308 402 uon

167 447 326 522 observet,
366 446 421 507 sati
452 446 566 526 absque
599 453 719 526 praevia
750 451 985 530 investigatione
1011 462 1106 529 vagos
1138 445 1308 524 conjungat

90 629 93 636 Ι
167 553 372 627 matrimonio,
404 553 539 634 quamvis
572 552 711 628 praviter
745 556 867 628 ponam,
901 553 984 628 (quia
1017 549 1108 609 violat
1138 547 1306 608 Tridentini

149 651 357 732 praeceptum
379 656 411 714 in
434 668 467 712 re
490 656 684 733 gravissima,
708 656 739 711 et
761 651 848 712 valde
871 656 1055 726 riecossaria)
1080 651 1306 712 matrimonium

166 763 267 821 lamen
288 761 353 834 ipso
372 755 442 835 jure
465 753 640 831 subsistere,
663 758 720 816 uisi
736 753 816 816 aliud
839 753 938 816 obstet
951 754 1208 832 impedimentum,
1236 756 1306 832 quia

166 863 358 937 praeceptum
371 857 495 918 Consilii
521 856 558 916 tle
581 857 763 918 instituenda
775 860 970 936 inquisitione
985 875 1067 918 mere
1078 854 1307 935 prohibitivum,

165 980 225 1029 nou
247 965 368 1022 irritans
391 964 447 1022 est.

223 1061 295 1136 ²3).
325 1061 453 1124 Dubium
484 1065 545 1136 esi,
581 1080 616 1123 itit
649 1079 793 1144 vagorum
818 1065 1013 1122 riiairimoniis
1035 1066 1177 1122 assistere
1208 1068 1309 1142 possit

162 1173 277 1238 inuium
299 1165 445 1246 parochus
472 1163 546 1240 loci,
575 1167 606 1224 in
636 1183 696 1244 quo
725 1169 900 1238 versantur,
931 1183 971 1226 an
1000 1183 1074 1226 vcro
1103 1169 1202 1245 quivis
1225 1167 1308 1227 alius

120 1300 126 1314 ·
164 1269 321 1352 parochus,
345 1287 434 1348 quem
458 1269 513 1345 ipsi
537 1265 693 1348 elegerint.
734 1265 903 1328 Secundum
926 1263 1203 1330 nihirmatSanchcz
1230 1287 1308 1348 prn-

162 1374 315 1442 bubihtem
349 1369 530 1452 probabilius
561 1373 660 1458 tamen
693 1374 753 1443 est,
786 1385 890 1430 eorunm
924 1371 1121 1430 matrimoniis
1153 1375 1307 1432 iuteresse

163 1475 343 1539 debetcum
368 1470 539 1553 parochun,
563 1474 593 1530 in
617 1474 703 1552 cujus
720 1469 857 1551 parochia
872 1489 926 1552 pro
950 1478 1084 1554 tempora
1103 1473 1305 1550 vorsantur¹).

161 1579 231 1656 Non
253 1583 352 1643 autern
385 1573 493 1651 relect,
525 1591 562 1634 an
593 1580 719 1654 uterque
750 1591 930 1653 sponsorum
958 1581 996 1636 sit
1020 1594 1132 1658 vagus,
1164 1596 1202 1636 au
1227 1577 1307 1638 alter

163 1681 317 1754 duntaxut3
351 1679 420 1758 quia
449 1675 596 1756 parochus
627 1681 713 1740 tinius
742 1683 788 1738 est
817 1682 906 1740 etiarn
942 1677 1089 1763 parochus
1119 1679 1245 1740 alterius
1272 1685 1304 1742 in

162 1783 268 1844 ordine
291 1783 327 1844 ad
351 1783 587 1854 matrimonium,
611 1779 650 1840 ob
672 1778 854 1842 individuam
880 1781 1106 1842 matrimonialis
1128 1787 1304 1844 contractus

163 1882 341 1958 naturam2).

677 2077 705 2144 ς.
729 2067 781 2134 46.

162 2232 227 2299 iii.
257 2233 295 2296 lie
319 2230 504 2316 iupciinontt
531 2229 612 2294 istiu
635 2227 730 2294 sinui
752 2229 904 2306 luctificis,
935 2251 993 2296 oum
1019 2231 1138 2298 clausula
1165 2233 1303 2298 irritanto.

169 2488 172 2498 ,
247 2408 468 2475 Matrimonium
501 2407 681 2492 celebratum
713 2412 815 2470 contro
852 2405 1043 2470 interdictum
1075 2409 1216 2491 Episcopi
1253 2411 1304 2472 vei

161 2513 284 2584 alterius
315 2514 438 2592 praelati
462 2511 538 2592 Papa
568 2511 721 2572 inferioris
744 2511 895 2588 subsistit3
925 2510 977 2572 sed
1009 2511 1131 2574 dubium
1165 2521 1228 2592 cst,
1265 2533 1304 2575 an

159 2619 249 2678 etiam
272 2615 405 2678 validum
428 2618 467 2676 sit
488 2618 591 2676 contra
622 2613 820 2675 interdictum.
844 2619 953 2676 sumini
975 2613 1133 2680 Pontificio.
1179 2615 1303 2696 Optime

160 2723 302 2798 sentiunt,
326 2724 376 2800 qui
400 2716 600 2799 distinquunt:
631 2733 670 2776 an
692 2714 749 2779 hoc
773 2717 965 2780 interdictum
986 2718 1082 2798 Papae
1103 2723 1142 2780 sit
1171 2720 1303 2803 simplex

161 2821 275 2898 solum,
307 2839 345 2884 on
368 2839 442 2884 vero
465 2825 611 2885 munitum
634 2819 766 2882 clausula
796 2825 945 2895 irritante;
974 2826 1000 2882 si
1020 2825 1165 2902 primam,
1192 2828 1302 2885 matri-

162 2928 261 2986 monia
283 2929 387 2986 contra
419 2923 587 3006 hujusmodi
620 2923 810 3014 interdictum
835 2922 999 3000 celebrata,
1031 2925 1134 2986 illicita
1164 2924 1299 3005 quidem,

161 3025 214 3090 sed
237 3025 335 3118 valida
358 3033 446 3118 sunt3
467 3032 493 3114 si
517 3028 699 3103 secundum,
725 3045 759 3088 ca
782 3033 852 3089 sunt
873 3031 996 3089 omnino
1019 3027 1165 3102 invalida;
1194 3047 1301 3109 parurn

160 3186 367 3204 m

190 3245 212 3312 ¹)
230 3245 360 3298 Benedici.
377 3248 443 3300 xii.
461 3248 541 3302 instit.
561 3249 651 3308 eccles.
671 3249 711 3302 33.
729 3249 791 3302 inst.
810 3257 874 3318 past.
891 3248 962 3316 Eyst.
981 3267 1005 3318 p.
1025 3250 1084 3302 aio.

190 3333 212 3398 ⁸)
230 3331 353 3400 §unchen
371 3335 510 3404 Schmalzg.
528 3335 650 3388 Schmier.
668 3365 701 3372 —
719 3335 793 3396 itinn
812 3339 833 3386 si
851 3353 944 3404 sponsa
962 3336 1108 3404 relinquens
1124 3342 1197 3386 vetus
1217 3335 1301 3386 domi-

229 3419 332 3485 cilium,
350 3438 469 3490 nponsum
488 3426 601 3492 sequitur
625 3421 657 3472 ad
682 3423 834 3474 domicilium
858 3425 958 3490 sponsi,
985 3426 1012 3474 in
1037 3426 1133 3483 itinere,
1151 3425 1300 3490 priusquam

230 3522 323 3572 sponsa
343 3507 374 3557 ad
394 3525 488 3560 novum
507 3509 659 3560 domicilium
680 3513 840 3576 peruenerit,
859 3509 893 3560 illi
913 3525 998 3560 coram
1016 3507 1127 3574 parocho
1145 3507 1205 3570 loci,
1224 3523 1300 3575 quem

229 3602 370 3658 transcunt,
388 3593 470 3646 valide
489 3597 674 3647 matrimonium
692 3595 842 3648 contrahere
861 3603 973 3661 possunt.
990 3623 1024 3633 -
1047 3592 1201 3661 Schmalzgr.
1220 3595 1257 3650 tit,
1276 3593 1300 3644 3.

230 3695 254 3732 n.
275 3681 332 3732 itt.
367 3679 406 3732 Ex
424 3680 573 3748 supradictis
592 3699 636 3749 per
654 3699 682 3732 se
701 3691 781 3750 patet,
806 3685 831 3733 in
851 3683 899 3732 hnc
921 3696 992 3742 cantuq
1015 3683 1037 3732 si
1055 3687 1188 3731 transeunt
1206 3680 1298 3739 iocum,

230 3765 272 3818 ubi
298 3767 427 3818 decretum
445 3767 508 3820 'inu
534 3767 566 3820 da
589 3767 787 3822 clandestinitate
810 3785 861 3820 nou
879 3777 918 3820 est
939 3775 1086 3835 receptum,
1111 3769 1297 3818 matrimonium

229 3856 303 3904 ctiam
322 3853 476 3906 clandestine
495 3863 650 3906 contractum
668 3854 822 3917 subsistere,
848 3864 873 3908 at
890 3871 921 3906 ar
938 3848 1029 3922 copula
1053 3854 1085 3906 ab
1111 3857 1142 3906 iia
1160 3851 1195 3904 ibi
1215 3851 1298 3906 habitu

228 3941 414 3994 matrimonium
431 3941 494 3996 oriri
512 3949 710 4010 praesumptum.
