2758 4664
181 183 241 249 172
426 201 463 254 m
479 199 665 268 amnena·
683 201 867 254 meramnum
885 199 1068 257 assuescam.

179 356 217 418 de
240 357 320 420 laeto
343 361 497 420 imitantur
520 359 708 418 matrimonia
731 363 851 433 coacta,
875 363 906 420 et
926 360 1114 420 matrimonia
1136 359 1219 418 inter
1243 355 1319 417 libe-

178 477 245 522 rum
268 466 298 522 et
319 478 447 533 servam,
472 463 610 542 ignorata
633 458 807 522 conditione
824 459 939 535 servili,
964 477 1030 520 cum
1053 465 1153 520 tamen
1171 476 1320 537 personae

179 568 319 626 maneant
348 562 462 624 habiles
484 561 520 624 ad
549 560 804 634 contrahendum
833 565 865 638 c)
888 567 958 642 qula
980 566 1011 623 in
1035 563 1130 626 forma
1163 565 1320 640 pactorum

131 655 132 658 '
179 671 304 744 quatuor
327 669 487 744 praecipue
510 665 693 726 considerari
719 669 859 744 possunt,
883 681 991 744 nempe
1014 663 1240 740 substantialia,
1265 681 1322 724 na-

180 768 294 845 turalia,
322 767 468 845 solennia,
485 766 679 830 accidentalia
686 787 694 842 ;
709 767 855 828 solemnia
869 773 1027 840 vocantur,
1045 784 1122 847 quae
1138 766 1175 828 ad
1199 765 1321 826 modum

179 878 210 934 et
232 875 320 934 ritum
345 868 539 933 contrahendi
563 874 771 951 requiruntur;
796 887 891 949 eaque
912 869 1092 950 quandoque
1111 875 1182 932 sunt
1204 870 1323 930 intrin-

179 993 264 1052 sece,
286 979 317 1034 et
339 977 422 1052 quasi
445 979 477 1034 in
499 973 721 1036 substantialia
744 977 914 1044 transeunt3
937 977 967 1030 et
989 970 1168 1052 quandoque
1191 975 1319 1032 extrin-

180 1067 262 1152 seca,
287 1083 319 1136 et
333 1075 414 1138 salva
430 1079 623 1156 caeteraquin
639 1075 814 1150 substantia,
840 1074 922 1134 licite
944 1092 1003 1136 non
1021 1081 1146 1154 possunt
1164 1073 1319 1152 omitti;¹)

180 1184 285 1244 nititur
301 1179 367 1259 jus,
393 1180 479 1240 talem
504 1179 624 1240 modum
647 1182 813 1240 scaritum
837 1177 1055 1255 praecipiendi,
1078 1181 1110 1238 in
1133 1178 1322 1240 universali-

179 1288 241 1346 tate
264 1283 388 1362 periculi
412 1299 465 1360 pro
489 1281 567 1342 bono
590 1280 718 1360 publico.
764 1279 884 1341 Certum
910 1285 1021 1358 pariter
1042 1286 1088 1342 est
1117 1277 1152 1351 2)
1176 1277 1235 1340 hoc
1258 1284 1322 1340 im-

181 1385 354 1467 pedimento
378 1389 598 1447 matrimonium
617 1383 741 1457 directe,
764 1382 944 1450 annullando
969 1383 1167 1459 contractum,
1193 1387 1304 1444 irritari
1312 1402 1321 1458 ;

180 1487 237 1550 hoe
259 1495 350 1568 patet,
374 1504 413 1548 ex
435 1487 535 1549 verbis
553 1486 641 1550 Ceno.
656 1485 788 1548 Trideut.
806 1504 880 1548 sess.
898 1485 950 1548 24.
975 1504 1001 1548 c.
1023 1485 1048 1546 l.
1072 1484 1162 1566 hujus
1187 1489 1320 1556 tenoris:

180 1590 356 1673 „Ejusmodi
384 1597 555 1658 contractus
582 1594 683 1654 irritos
706 1609 741 1652 ac
769 1591 865 1650 nullos
892 1604 961 1648 esse
984 1587 1137 1662 decernit,
1168 1594 1259 1668 prout
1280 1605 1321 1649 eo

180 1698 331 1775 praesenti
355 1693 477 1754 decreto
500 1697 600 1754 irritos
620 1691 722 1752 lacit.“
752 1690 786 1762 3)
801 1691 929 1752 Dubium
952 1697 1052 1752 autem
1075 1698 1131 1769 est,
1156 1710 1227 1752 num
1245 1699 1324 1752 tan-

181 1797 334 1858 tammodo
357 1795 481 1871 directe,
509 1793 557 1854 vel
580 1799 677 1873 potius
700 1799 791 1858 etiam
812 1793 961 1856 indirecte
984 1799 1171 1857 matrimonia
1195 1795 1325 1858 clande-

181 1903 260 1962 stina
282 1897 468 1974 dirimantur,
492 1896 625 1958 Sanchez
648 1902 754 1972 sentit,
780 1904 905 1975 utroque
930 1896 1017 1958 modo
1040 1916 1075 1958 ea
1098 1900 1225 1971 irritari,
1251 1901 1323 1976 quia

182 1999 272 2066 Gonc.
302 1999 382 2060 Trid.
414 1999 489 2060 clam
519 2000 730 2062 contrahentes
763 2001 798 2062 ad
828 2005 872 2060 sic
902 1999 1136 2060 contrahendum
1168 1998 1324 2060 iatctdec

187 2103 300 2176 reddit;
324 2099 507 2164 Schmierex
524 2103 644 2164 delectu
665 2110 777 2166 lantum
790 2103 988 2164 solemnitatis
1001 2108 1181 2182 praeceptae
1203 2105 1325 2162 irritare

183 2209 240 2270 hoc
268 2205 511 2286 impedimentum
541 2211 661 2279 asserit3
690 2206 856 2267 Holzmann
880 2211 910 2264 et
934 2205 1017 2266 multi
1040 2205 1088 2264 alii
1120 2205 1240 2277 dicunt,
1271 2208 1326 2264 in-

182 2309 416 2373 habilitationem
439 2325 651 2387 personarum,
677 2326 736 2370 non
759 2307 901 2370 inflictam
926 2324 979 2388 per
1000 2311 1177 2368 sententiam
1201 2309 1327 2385 specia-

185 2413 255 2490 lem,
279 2410 332 2472 sed
355 2429 409 2490 per
431 2410 584 2472 decretum
608 2410 749 2493 generale
772 2430 825 2490 pro
849 2410 1046 2472 existentibus
1068 2415 1098 2470 iu
1122 2410 1221 2487 aliquo
1246 2408 1327 2483 loeo,

98 2597 100 2601 ,
186 2513 278 2578 allicit
293 2513 398 2576 locum
422 2520 453 2574 et
475 2531 620 2592 personas
641 2513 837 2590 solummodo,
862 2517 1038 2594 inquantum
1061 2515 1195 2573 existunt
1216 2516 1249 2572 in
1273 2511 1327 2573 illo

186 2619 269 2690 loeo;
293 2616 439 2695 siquidem
464 2614 608 2695 eJusmodi
633 2615 787 2678 decretum
810 2619 944 2677 imitatur
966 2621 1101 2676 naturam
1126 2615 1221 2695 legis,
1245 2631 1326 2694 qnae

185 2723 308 2800 respicit
330 2723 529 2796 territorium,
554 2717 690 2799 adeoque
712 2719 878 2780 inhabilitas
901 2739 954 2802 per
969 2720 1041 2782 illud
1064 2723 1190 2794 statuta,
1215 2719 1327 2778 localis

188 2829 242 2902 est,
269 2841 327 2886 non
346 2817 570 2901 per·s0nale's,²i
594 2819 651 2883 hoc
673 2826 770 2884 tamen
796 2823 895 2900 modo,
920 2827 952 2882 ut
970 2827 1026 2884 ista
1049 2823 1157 2883 localis
1180 2819 1326 2880 inhabili-

188 2930 232 2986 tas
260 2927 397 3005 personis
420 2921 581 2986 adhaereat
597 2924 633 2986 ad
649 2923 818 2986 evitandam
834 2924 979 3001 fraudem,
1004 2923 1100 2986 donec
1121 2928 1208 2984 extra
1228 2923 1326 2984 locum

186 3027 256 3090 alibi
278 3028 334 3088 sibi
357 3031 596 3106 comparaverint
612 3025 793 3088 domicilium
816 3033 868 3088 aut
890 3028 995 3089 saltem
1019 3026 1305 3108 quasidomicilium.

267 3128 321 3189 lll.
344 3128 419 3190 Hinc
442 3129 579 3192 Urbanus
602 3129 678 3190 Vlll.
709 3135 771 3192 suis
794 3130 975 3210 Apostolicis
998 3130 1122 3205 litteris,
1155 3145 1234 3208 quae
1258 3145 1328 3190 mo-

188 3235 340 3293 numentis
364 3222 528 3294 Cardinalis
558 3231 595 3293 de
618 3232 702 3314 Lugo
733 3240 763 3294 et
785 3233 815 3294 P.
840 3233 966 3294 Lacreix
995 3235 1126 3294 insertae
1156 3237 1243 3308 sunt,
1276 3231 1327 3291 has

187 3350 292 3396 sacrae
315 3333 424 3398 Concss.
445 3333 594 3419 Congreg.
619 3339 783 3396 sententias
806 3333 855 3396 die
880 3331 928 3398 lt.
946 3324 1074 3417 Augusti
1098 3353 1114 3394 a
1141 3331 1223 3396 1627
1249 3353 1328 3396 con-

187 3435 334 3500 firmavitz

314 3543 425 3621 primo,
448 3559 487 3602 an
504 3540 622 3603 incolae
640 3544 700 3602 tam
720 3540 842 3602 masculi
865 3557 953 3620 quam
972 3538 1102 3600 laminae
1126 3538 1196 3614 loci,
1221 3543 1327 3619 inquo

274 3643 437 3707 Concilium
467 3642 673 3704 Tridentinum
700 3647 731 3704 in
761 3649 873 3724 puneto
901 3640 1083 3704 matrimonii
1113 3648 1159 3702 est
1188 3641 1327 3719 promul-

216 3887 239 3952 ¹)
257 3885 369 3938 Sanchea
387 3885 429 3937 lib.
448 3885 472 3936 3.
491 3883 515 3934 d.
534 3884 558 3934 l.
577 3911 611 3920 —
628 3882 741 3936 Schmier
759 3881 801 3936 lib.
823 3883 846 3934 ³.
866 3888 936 3934 tract.
955 3883 979 3934 3.
998 3897 1020 3932 o.
1041 3879 1063 3930 l.
1082 3886 1142 3930 seat.
1162 3881 1188 3931 5.
1207 3882 1232 3942 §-
1254 3880 1276 3930 l.

217 3975 240 4040 ²)
257 3971 377 4028 llolumau
394 3971 438 4024 lib.
454 3972 480 4022 l.
499 3971 535 4022 tit
553 3970 577 4020 3.
595 3984 621 4022 n.
641 3968 698 4022 198.
