2764 4664
168 230 233 301 282
517 247 556 301 Da
573 243 751 300 Celebrationa
769 245 926 316 Nuptiarum.

169 405 359 490 regionibus,
387 405 437 468 ubi
460 405 538 469 iuria
559 421 634 467 usus
655 403 821 488 praevaluit
850 403 1040 467 abstrahendi
1063 401 1305 466 benedictionem

169 509 335 573 solemnem
365 527 382 570 a
413 512 520 587 missa,
554 509 715 570 notandum
746 511 809 586 est,
841 507 1012 588 hujusmodi
1041 506 1304 584 consuetudinem,

168 613 282 695 absque
304 612 426 694 speciali
448 609 573 688 indulto,
599 610 671 672 nihil
694 611 795 672 valere
818 604 922 673 contra
945 609 1080 673 rubricas
1102 609 1247 686 blissalis,
1271 628 1307 671 ac

168 715 262 779 multo
284 721 383 778 minus
406 719 508 776 contra
531 714 624 775 reluta
647 711 767 775 decreta
790 711 818 776 S.
841 713 875 776 li.
899 711 942 790 0.,
966 731 1044 794 quae
1067 713 1214 796 derogant
1236 715 1308 774 cui-
1360 753 1364 762 .

169 837 289 902 cunque
310 820 478 882 contrariae
500 815 718 879 consuetudini.

683 1013 712 1081 s.
737 1001 787 1070 74.

231 1160 283 1222 De
302 1155 510 1232 obligatione
526 1157 670 1234 parochi
688 1157 861 1218 scribendi
879 1155 1080 1231 conjugatos
1098 1155 1136 1216 in
1153 1157 1244 1216 libro

475 1243 780 1304 matrimoniorum
791 1241 991 1319 parochiali.

252 1404 275 1468 i.
298 1403 452 1482 „Peractis
472 1402 620 1480 omnibus,
645 1402 792 1484 parochus
817 1421 906 1466 manu
928 1421 982 1465 sua
1000 1402 1151 1465 describat
1173 1406 1204 1463 in
1228 1402 1306 1464 libro

167 1511 423 1572 matrimoniorum
447 1509 568 1569 nomina
589 1506 750 1588 conjugum
780 1513 811 1568 et
834 1511 968 1583 testium,
1001 1512 1032 1568 et
1052 1506 1109 1568 aila
1127 1506 1215 1586 juxta
1239 1504 1307 1568 ior-

166 1609 278 1674 mulam
300 1613 533 1690 praescriptam,
563 1607 672 1689 idque,
706 1609 777 1670 iicet
798 1610 855 1672 alia
878 1609 1037 1685 sacerdos,
1066 1608 1115 1670 vel
1138 1627 1155 1671 a
1176 1625 1230 1686 se,
1256 1608 1307 1670 vei

165 1711 204 1776 ab
232 1711 392 1776 Ordluario
421 1711 593 1796 delegatus,
625 1714 844 1774 matrimonium
880 1709 1148 1786 celebraverit“¹).
1199 1711 1307 1776 Forma

165 1820 265 1878 autem
288 1814 438 1878 scribendi
461 1815 639 1899 conjugatos
660 1818 692 1875 in
717 1813 796 1879 dictu
819 1815 895 1877 libro
918 1814 1055 1878 altituaii
1072 1815 1207 1878 Romano
1229 1813 1307 1876 baec

165 1917 310 1981 habetur:
437 1947 439 1954 ·

251 2020 341 2084 Anno
365 2067 371 2084 .
396 2069 404 2084 .
429 2069 436 2084 .
460 2020 509 2084 die
532 2069 539 2083 .
562 2070 570 2083 .
596 2069 602 2082 .
628 2025 740 2084 mensis
755 2022 1030 2087 denuntiationibus
1044 2024 1216 2101 praemissis
1227 2039 1307 2082 con·-

165 2127 257 2188 tinnis
279 2123 385 2187 diebus
408 2123 533 2202 festivis,
557 2141 682 2204 quarum
706 2129 799 2205 prima
822 2125 871 2186 die
958 2171 965 2187 .
989 2124 1120 2186 secunda
1143 2124 1192 2186 dic
1215 2171 1221 2186 .
1248 2169 1256 2186 .
1280 2167 1306 2201 .,

166 2231 253 2290 tertia
271 2225 321 2288 dle
342 2271 351 2288 .
376 2277 383 2290 .
408 2275 415 2290 .
438 2231 518 2288 intur
528 2227 637 2290 Missae
652 2225 828 2307 parochialis
845 2227 989 2290 solemnia
1005 2225 1104 2290 habita
1120 2231 1177 2305 est,
1202 2227 1308 2289 nulio-

165 2350 225 2414 que
247 2331 384 2414 legitimo
403 2330 616 2411 impedimento
630 2330 759 2409 detecto,
783 2349 842 2414 ego
858 2330 892 2393 N.
905 2330 940 2393 N.
964 2330 1073 2394 Rector
1089 2329 1178 2412 hujus
1202 2331 1308 2392 eccie-

165 2438 230 2498 siae
268 2432 431 2514 parochiali
465 2432 501 2494 N.
538 2436 669 2496 civttatis
701 2433 750 2495 vel
790 2433 847 2496 loci
877 2433 912 2496 N.
950 2433 1042 2496 iillum
1074 2433 1111 2494 N.
1145 2433 1307 2514 parochiae

166 2536 202 2601 N.
229 2543 262 2598 et
294 2536 385 2600 iliam
415 2535 451 2599 N.
489 2552 542 2598 seu
579 2535 712 2598 relictum
747 2534 783 2600 N.
821 2537 868 2611 (si
906 2536 997 2598 suerit
1034 2536 1122 2599 vidua
1140 2545 1170 2614 i,
1216 2537 1308 2619 hujus

165 2657 220 2703 seu
247 2638 407 2721 parochiae
429 2637 465 2702 N.
494 2642 526 2700 in
552 2638 687 2702 Ecclesia
710 2637 745 2702 N.
774 2642 974 2722 interrogavi,
1005 2655 1171 2720 corumque
1202 2645 1307 2702 mutuo

164 2759 316 2806 consensa
337 2741 437 2804 babitu
459 2741 634 2804 solemniter
656 2759 710 2820 per
731 2741 822 2803 verba
845 2741 883 2802 de
914 2747 1081 2823 praesenti,
1115 2747 1306 2806 matrimonio

165 2844 322 2925 eonjtinxi,
354 2843 560 2924 praesentibus
586 2845 713 2908 testibus
733 2848 818 2906 notis
839 2843 875 2908 N.
905 2845 966 2910 filio
989 2845 1024 2910 N.
1048 2851 1098 2926 qui
1128 2845 1244 2910 habitat
1275 2852 1305 2908 in

164 2945 304 3028 paracta
318 2945 356 3010 N.
378 2953 409 3009 et
423 2946 458 3010 N.
481 2946 542 3010 iiiio
552 2946 588 3009 N.
611 2952 678 3023 etc,
705 2953 806 3027 postca
830 2952 875 3010 eis
897 2965 936 3010 ex
958 2951 1018 3010 ritu
1029 2947 1058 3012 S.
1074 2948 1177 3011 Matris
1195 2949 1307 3012 Eccle-

164 3053 230 3114 siae
251 3053 293 3128 (si
325 3056 424 3114 amen
454 3053 571 3131 nuptias
600 3049 807 3126 benedixerit)
836 3053 870 3112 in
891 3050 999 3114 Missae
1022 3051 1225 3114 celebratione
1248 3052 1307 3115 be-

164 3151 277 3219 nedixi.
299 3185 343 3200 -

251 3255 282 3322 st
304 3261 405 3322 antem
427 3256 669 3321 denuntiationes
692 3274 796 3320 omnes
820 3259 868 3321 vel
899 3262 1004 3339 partim
1028 3257 1211 3321 omittendae
1234 3262 1304 3338 sint,

162 3363 206 3426 lta
226 3359 391 3426 scritum:

249 3463 529 3528 Denuntialioniltus
550 3463 689 3527 omnibus
711 3464 776 3536 (vel
798 3481 875 3538 una,
897 3464 946 3528 vei
968 3464 1098 3543 duabus)
1121 3468 1243 3528 omissis
1266 3483 1304 3528 ex

163 3567 302 3632 iacultme
325 3573 382 3631 etc.
427 3566 492 3652 Ego
515 3567 625 3630 Rector
646 3566 694 3645 N,
718 3572 870 3648 utsupra.

172 3857 212 3940 ¹¹)
229 3853 327 3910 liituaie
345 3857 419 3910 Nom.
439 3854 514 3922 juata
531 3854 608 3909 Gouc.
625 3855 733 3910 trident.
750 3856 767 3906 l.
786 3872 807 3906 c.
843 3856 905 3908 item
925 3855 1065 3909 inculcatur
1088 3859 1114 3910 in
1139 3855 1252 3936 articulis
1269 3853 1300 3906 ab

175 4003 178 4008 Ι
230 3942 350 4010 Archiep.
369 3939 466 3994 Britim.
484 3949 510 3993 et
527 3942 659 4010 Episcopis
678 3939 822 3996 loederatae
840 3941 973 3994 elmericus
996 3958 1010 3995 a
1032 3943 1097 3997 taio
1116 3945 1235 4006 sancitis,
1254 3949 1297 3994 art.

175 4025 181 4044 ²
231 4029 256 4082 4.
274 4037 300 4082 et
316 4029 342 4080 in
360 4027 462 4081 decreto
479 4025 544 4080 xiV.
563 4025 641 4082 Cone.
659 4043 730 4097 prov.
749 4027 769 4081 1.
788 4025 886 4080 buitim.
