2742 4660
1298 211 1307 237 t

176 241 218 310 34
459 260 497 314 be
514 261 699 330 impedimentis
714 255 867 314 matrimonii
884 263 910 313 in
927 277 1030 332 genere.

175 416 264 478 valde
293 421 460 482 communis
491 424 552 497 est,
583 417 652 482 huic
684 417 899 500 impedimento
931 417 1122 482 Acatholicos
1154 436 1216 482 non
1243 435 1313 480 esse

175 521 343 602 subjectos,
373 526 477 584 innixa
499 525 636 602 inprimis
665 525 697 583 in
719 521 921 586 declaratione
944 521 1097 584 Benedicti
1120 519 1198 584 XlV.
1221 537 1312 599 snpra

175 629 262 686 citata
285 624 322 687 de
345 623 441 686 dubiis
464 626 693 706 respicientibus
716 629 902 688 matrimonia
925 629 956 686 in
970 624 1124 688 Hollandia
1148 629 1310 699 contracta,

173 725 204 790 4.
227 727 303 792 Νον.
330 727 429 806 1741,
458 745 515 808 qua
543 728 753 790 universaliter
781 728 933 790 delinitum
964 746 1033 791 esse
1061 728 1193 791 lautores
1222 725 1313 806 hujus

173 837 341 894 sententiae
365 837 505 911 censent,
528 829 585 894 hoc
607 831 852 912 impedimentum
876 850 936 894 non
959 831 1078 894 obstare
1101 833 1312 907 matrimoniis,

173 953 250 1016 quae
277 938 346 998 iniri
374 934 472 996 solent
500 939 564 996 sive
592 938 671 996 inter
692 933 859 998 haereticos
888 953 928 996 ex
956 940 1082 1014 utraque
1113 940 1211 1014 parte,
1245 936 1312 995 sive

175 1043 257 1100 inter
287 1037 472 1100 haereticum
502 1056 541 1098 ex
572 1057 629 1100 una
661 1043 745 1118 parte
775 1042 872 1100 virum
903 1043 933 1098 et
962 1037 1136 1100 catholicam
1167 1036 1313 1098 feminam

173 1160 212 1203 ex
234 1141 338 1222 altera,
362 1148 412 1203 aut
434 1147 598 1220 viceversa,
623 1159 683 1203 non
706 1141 863 1204 observata
886 1143 981 1206 lorma
1004 1161 1021 1202 a
1044 1159 1068 1204 s,
1093 1138 1207 1203 Concil.
1227 1137 1312 1199 Trid.

173 1231 354 1326 praescripta
362 1265 371 1322 ;
393 1245 485 1308 verba
509 1245 719 1308 declarationis
741 1252 811 1308 sunt
832 1243 922 1320 haec:
956 1244 1063 1323 „licat
1085 1242 1233 1304 Sanctitas
1256 1259 1312 1302 sua

172 1366 233 1410 non
254 1353 386 1432 ignoret,
409 1349 482 1411 alias
504 1353 535 1411 in
557 1349 675 1412 casibus
697 1348 872 1428 quibusdam
896 1346 1132 1430 particularibus
1157 1351 1187 1406 et
1209 1350 1314 1405 atten-

172 1456 208 1514 tis
231 1458 300 1514 tunc
322 1457 467 1532 expositis
490 1457 722 1515 circumstantiis
750 1471 865 1515 sacram
888 1452 1161 1536 Congregationem
1184 1447 1313 1509 Consilii

171 1573 226 1636 pro
259 1573 365 1617 eorum
396 1556 581 1618 invaliditate
613 1546 825 1636 respondisse,
859 1574 955 1637 aeque
985 1561 1087 1616 tamen
1119 1557 1336 1632 compertum·

171 1657 293 1736 habens,
318 1657 392 1719 nihil
414 1657 509 1719 adbuc
524 1663 692 1740 generatim
716 1665 745 1720 et
761 1664 902 1721 universe
924 1675 1015 1738 super
1038 1655 1185 1738 ejusmodi
1203 1659 1312 1716 matri-

171 1765 280 1824 moniis
303 1760 396 1824 luisse
419 1761 455 1823 ab
473 1761 644 1840 Apostolica
668 1761 747 1825 Sede
769 1762 934 1840 delinitum,
959 1765 989 1821 et
1012 1759 1144 1841 alioquin
1167 1763 1311 1839 oportere

171 1868 303 1938 omnino,
326 1862 364 1925 ad
386 1863 601 1928 consulendum
624 1869 774 1928 universis
797 1865 933 1928 fidelibus
955 1869 986 1926 in
1008 1867 1045 1926 iis
1068 1863 1142 1925 locis
1163 1862 1312 1946 degenti-

170 1965 236 2046 bus,
262 1973 292 2029 et
314 1968 398 2048 plura
421 1969 604 2031 advertenda
627 1973 805 2052 gravissima
827 1967 1032 2036 inconmoda,
1057 1965 1128 2047 quid
1151 1965 1312 2049 generali-

171 2070 267 2132 tarde
282 2068 365 2133 hisce
388 2076 582 2134 matrimoniis
599 2071 789 2134 sentiendum
806 2074 847 2132 sit
861 2071 1012 2133 declarare
1019 2089 1028 2145 ;
1051 2073 1174 2152 negotio
1192 2075 1310 2130 mature

172 2189 331 2252 perpenso,
356 2175 554 2257 omnibusque
570 2179 718 2238 rationum
733 2178 891 2236 momentis
913 2173 982 2236 hinc
1004 2172 1073 2234 inde
1090 2171 1195 2235 sedulo
1212 2172 1310 2234 libru-

171 2279 220 2354 tis,
244 2275 407 2339 declaravit
428 2283 607 2360 statuitque,
639 2281 826 2340 matrimonia
849 2281 880 2338 in
909 2275 997 2339 dictis
1024 2274 1187 2338 foederatis
1210 2275 1309 2359 Belgii

171 2383 334 2458 provinciis
355 2385 434 2443 inter
447 2381 614 2446 haereticos
637 2400 732 2464 usque
755 2380 843 2444 modo
866 2385 1027 2456 contracta,
1051 2397 1189 2461 quaeque
1204 2384 1310 2459 impo-

169 2487 282 2544 sterum
305 2484 527 2566 contrahentur,
553 2490 668 2550 etiarnsi
690 2485 786 2548 forma
809 2503 825 2547 a
844 2483 1018 2546 Tridentino
1040 2488 1221 2564 praescripta
1245 2502 1308 2546 non

169 2584 260 2647 fuerit
287 2591 318 2649 in
341 2591 379 2650 iis
402 2588 587 2651 celebrandis
611 2595 743 2668 servata,
773 2585 934 2651 dummodo
965 2586 1045 2648 aliud
1067 2604 1127 2647 non
1156 2587 1308 2648 obstiterit

169 2675 346 2752 canonicum
375 2689 636 2770 impedimentum,
669 2711 723 2772 pro
752 2690 858 2754 validis
887 2688 1021 2752 habenda
1051 2705 1136 2765 esse;
1168 2689 1307 2771 adeoque

168 2795 193 2854 si
217 2797 391 2876 contingat,
420 2799 579 2874 utrumque
602 2795 761 2877 conjugem
785 2793 823 2858 ad
844 2792 1007 2856 catholicae
1028 2791 1182 2856 Ecclesiae
1204 2797 1306 2856 sinum

168 2911 202 2956 se
224 2899 377 2974 recipere,
411 2895 516 2959 eodem
540 2915 599 2978 qus
628 2903 716 2960 antea
745 2898 896 2980 coniugali
919 2899 1038 2960 vinculo
1066 2902 1149 2978 ipsos
1177 2902 1303 2969 omnino

168 3000 276 3070 teneri,
299 3001 415 3060 etiamsi
439 3006 558 3061 mutuus
581 3018 746 3063 consensus
762 3020 863 3066 coram
885 3003 1014 3082 parocho
1032 3001 1177 3064 catholico
1200 2999 1239 3062 ab
1261 3005 1307 3062 eis

168 3116 227 3160 non
240 3107 418 3177 renovetur3
440 3104 489 3164 sin
511 3108 610 3164 autern
634 3122 710 3166 unus
727 3110 841 3167 tanturn
865 3123 903 3168 ex
917 3105 1105 3189 conjugibus,
1130 3109 1196 3168 sive
1220 3121 1306 3166 mas-

167 3201 252 3264 culus
274 3207 339 3265 sive
362 3204 490 3284 lemine,
519 3213 724 3286 convertatur,
748 3214 886 3270 nentrum
905 3227 1005 3289 posse,
1029 3208 1170 3289 quamdiu
1192 3225 1305 3288 super-

167 3310 229 3367 stes
256 3310 327 3384 erit,
359 3306 395 3369 ad
424 3309 497 3372 alias
529 3313 654 3374 transire
685 3316 812 3391 nuptias.
834 3347 879 3359 -
901 3311 945 3374 De
974 3317 1074 3373 mixtis
1104 3313 1305 3374 matrimoniis

166 3412 266 3468 autem
296 3411 341 3470 sic
363 3415 515 3474 statuiturt
549 3411 615 3491 „At
637 3415 662 3475 si
686 3412 764 3476 lorte
792 3413 911 3496 aliquod
934 3415 1021 3498 buJus
1048 3419 1171 3498 generis
1195 3419 1305 3476 matri-

166 3515 316 3590 monium,
342 3513 507 3576 Tridentini
530 3514 624 3578 forma
648 3535 710 3578 non
732 3524 867 3596 servata,
896 3517 1004 3580 ibidem
1029 3521 1213 3581 contractum
1240 3517 1302 3598 jam

166 3618 215 3694 sit,
239 3620 290 3678 aut
311 3620 507 3696 imposterum
528 3617 720 3698 (quodDeus
741 3625 871 3695 avertat)
894 3621 1025 3684 contrahi
1048 3624 1221 3704 contingat3
1245 3620 1304 3702 de-

166 3717 259 3780 clarat
282 3718 428 3783 Sanctitas
457 3739 512 3783 sua
541 3725 759 3786 matrimonium
781 3723 968 3804 hujusmodi,
998 3725 1057 3787 alio
1080 3742 1140 3787 non
1168 3741 1303 3786 concur-

122 3815 124 3819 ’
165 3827 252 3882 rente
267 3827 414 3885 canonico
428 3824 652 3904 impedimento,
675 3825 805 3889 validum
820 3826 987 3890 habendum
1011 3845 1090 3905 csse,
1115 3832 1146 3887 et
1160 3833 1302 3890 neutrum

165 3941 205 3985 ex
222 3926 411 4009 conjugibus,
435 3928 532 3990 donec
554 3927 629 3990 alter
650 3947 755 3991 eorum
777 3933 1002 4010 supervixerit,
1026 3930 1197 3994 nullatenus
1212 3949 1303 4011 posse

170 4028 227 4091 sub
257 4027 381 4092 obtentu
412 4030 508 4094 dictae
537 4030 652 4096 formae
680 4049 741 4096 non
768 4039 905 4098 servatae
934 4051 1045 4099 novum
1076 4037 1302 4100 matrimonium
