<?xml version="1.0" encoding="UTF-8"?>
<!DOCTYPE html PUBLIC "-//W3C//DTD XHTML 1.0 Transitional//EN"
    "http://www.w3.org/TR/xhtml1/DTD/xhtml1-transitional.dtd">
<html xmlns="http://www.w3.org/1999/xhtml" xml:lang="en" lang="en">
 <head>
  <title>
</title>
<meta http-equiv="Content-Type" content="text/html;charset=utf-8" />
  <meta name='ocr-system' content='tesseract 3.04.00' />
  <meta name='ocr-capabilities' content='ocr_page ocr_carea ocr_par ocr_line ocrx_word'/>
</head>
<body>
  <div class='ocr_page' id='page_1' title='image "./dematrimoniotra00heisgoog_0130.png"; bbox 0 0 2746 4646; ppageno 0'>
   <div class='ocr_carea' id='block_1_1' title="bbox 295 189 1183 282">
    <p class='ocr_par' dir='ltr' id='par_1_1' title="bbox 295 189 1183 282">
     <span class='ocr_line' id='line_1_1' title="bbox 295 189 1183 282; baseline -0.01 -16"><span class='ocrx_word' id='word_1_1' title='bbox 295 211 332 266; x_wconf 79' lang='lat' dir='ltr'>tte</span> <span class='ocrx_word' id='word_1_2' title='bbox 350 211 534 282; x_wconf 68' lang='lat' dir='ltr'>impedimentis</span> <span class='ocrx_word' id='word_1_3' title='bbox 553 215 738 266; x_wconf 73' lang='lat' dir='ltr'>matrimonium</span> <span class='ocrx_word' id='word_1_4' title='bbox 757 211 938 265; x_wconf 72' lang='lat' dir='ltr'>dirimentibus.</span> <span class='ocrx_word' id='word_1_5' title='bbox 1122 189 1183 258; x_wconf 73' lang='lat'>105</span> 
     </span>
    </p>
   </div>
   <div class='ocr_carea' id='block_1_2' title="bbox 42 367 1187 2514">
    <p class='ocr_par' dir='ltr' id='par_1_2' title="bbox 42 367 1187 2514">
     <span class='ocr_line' id='line_1_2' title="bbox 55 367 1182 452; baseline -0.002 -22"><span class='ocrx_word' id='word_1_6' title='bbox 55 371 58 382; x_wconf 85' lang='grc'><strong>“</strong></span> <span class='ocrx_word' id='word_1_7' title='bbox 135 367 183 434; x_wconf 87' lang='lat' dir='ltr'>iv.</span> <span class='ocrx_word' id='word_1_8' title='bbox 207 367 238 432; x_wconf 84' lang='lat' dir='ltr'>st</span> <span class='ocrx_word' id='word_1_9' title='bbox 262 367 413 434; x_wconf 73' lang='lat' dir='ltr'>dubitetur</span> <span class='ocrx_word' id='word_1_10' title='bbox 434 371 472 434; x_wconf 88' lang='lat' dir='ltr'>de</span> <span class='ocrx_word' id='word_1_11' title='bbox 495 373 680 452; x_wconf 88' lang='lat' dir='ltr'>impotentia,</span> <span class='ocrx_word' id='word_1_12' title='bbox 704 387 742 432; x_wconf 88' lang='lat' dir='ltr'>an</span> <span class='ocrx_word' id='word_1_13' title='bbox 765 371 803 432; x_wconf 89' lang='lat' dir='ltr'>sit</span> <span class='ocrx_word' id='word_1_14' title='bbox 825 367 1008 432; x_wconf 85' lang='lat' dir='ltr'>antecedens</span> <span class='ocrx_word' id='word_1_15' title='bbox 1030 367 1079 430; x_wconf 89' lang='lat' dir='ltr'>vel</span> <span class='ocrx_word' id='word_1_16' title='bbox 1103 383 1182 430; x_wconf 88' lang='lat' dir='ltr'>con-</span> 
     </span>
     <span class='ocr_line' id='line_1_3' title="bbox 48 453 1181 553; baseline -0.001 -20"><span class='ocrx_word' id='word_1_17' title='bbox 48 489 191 552; x_wconf 89' lang='lat' dir='ltr'>sequens,</span> <span class='ocrx_word' id='word_1_18' title='bbox 222 453 430 553; x_wconf 75' lang='lat' dir='ltr'>praesumitur,</span> <span class='ocrx_word' id='word_1_19' title='bbox 463 491 531 538; x_wconf 86' lang='lat' dir='ltr'>essa</span> <span class='ocrx_word' id='word_1_20' title='bbox 558 474 797 550; x_wconf 77' lang='lat' dir='ltr'>antecedentem,</span> <span class='ocrx_word' id='word_1_21' title='bbox 836 490 903 535; x_wconf 87' lang='lat' dir='ltr'>curn</span> <span class='ocrx_word' id='word_1_22' title='bbox 940 489 1060 534; x_wconf 88' lang='lat' dir='ltr'>ornnem</span> <span class='ocrx_word' id='word_1_23' title='bbox 1093 470 1181 533; x_wconf 85' lang='lat' dir='ltr'>iidem</span> 
     </span>
     <span class='ocr_line' id='line_1_4' title="bbox 48 571 1178 658; baseline 0 -23"><span class='ocrx_word' id='word_1_24' title='bbox 48 575 185 647; x_wconf 86' lang='lat' dir='ltr'>excedat,</span> <span class='ocrx_word' id='word_1_25' title='bbox 210 576 289 658; x_wconf 85' lang='lat' dir='ltr'>quod</span> <span class='ocrx_word' id='word_1_26' title='bbox 313 581 379 656; x_wconf 83' lang='lat' dir='ltr'>quis</span> <span class='ocrx_word' id='word_1_27' title='bbox 401 576 484 640; x_wconf 88' lang='lat' dir='ltr'>brevi</span> <span class='ocrx_word' id='word_1_28' title='bbox 516 584 650 658; x_wconf 86' lang='lat' dir='ltr'>tompore</span> <span class='ocrx_word' id='word_1_29' title='bbox 680 576 717 638; x_wconf 88' lang='lat' dir='ltr'>ab</span> <span class='ocrx_word' id='word_1_30' title='bbox 746 593 805 638; x_wconf 94' lang='lat' dir='ltr'>uno</span> <span class='ocrx_word' id='word_1_31' title='bbox 835 582 971 638; x_wconf 79' lang='lat' dir='ltr'>extremo</span> <span class='ocrx_word' id='word_1_32' title='bbox 993 571 1029 636; x_wconf 92' lang='lat' dir='ltr'>ad</span> <span class='ocrx_word' id='word_1_33' title='bbox 1052 575 1178 636; x_wconf 84' lang='lat' dir='ltr'>alterum</span> 
     </span>
     <span class='ocr_line' id='line_1_5' title="bbox 48 676 1184 762; baseline 0 -24"><span class='ocrx_word' id='word_1_34' title='bbox 48 681 202 741; x_wconf 87' lang='lat' dir='ltr'>transierit</span> <span class='ocrx_word' id='word_1_35' title='bbox 224 687 255 740; x_wconf 87' lang='lat' dir='ltr'>et</span> <span class='ocrx_word' id='word_1_36' title='bbox 277 681 455 759; x_wconf 90' lang='lat' dir='ltr'>potentiam,</span> <span class='ocrx_word' id='word_1_37' title='bbox 485 697 573 762; x_wconf 87' lang='lat' dir='ltr'>quam</span> <span class='ocrx_word' id='word_1_38' title='bbox 606 699 623 741; x_wconf 93' lang='lat' dir='ltr'>a</span> <span class='ocrx_word' id='word_1_39' title='bbox 652 686 756 742; x_wconf 90' lang='lat' dir='ltr'>natura</span> <span class='ocrx_word' id='word_1_40' title='bbox 787 677 898 755; x_wconf 88' lang='lat' dir='ltr'>habuit,</span> <span class='ocrx_word' id='word_1_41' title='bbox 923 681 1066 742; x_wconf 87' lang='lat' dir='ltr'>amiserit.</span> <span class='ocrx_word' id='word_1_42' title='bbox 1090 711 1133 724; x_wconf 93' lang='lat'>·-</span> <span class='ocrx_word' id='word_1_43' title='bbox 1153 676 1184 740; x_wconf 87' lang='lat' dir='ltr'>St</span> 
     </span>
     <span class='ocr_line' id='line_1_6' title="bbox 47 779 1183 863; baseline -0.002 -20"><span class='ocrx_word' id='word_1_44' title='bbox 47 800 121 844; x_wconf 89' lang='lat' dir='ltr'>vero</span> <span class='ocrx_word' id='word_1_45' title='bbox 144 779 306 860; x_wconf 87' lang='lat' dir='ltr'>dubitetur,</span> <span class='ocrx_word' id='word_1_46' title='bbox 330 801 368 844; x_wconf 91' lang='lat' dir='ltr'>an</span> <span class='ocrx_word' id='word_1_47' title='bbox 394 785 568 862; x_wconf 81' lang='lat' dir='ltr'>impotentia</span> <span class='ocrx_word' id='word_1_48' title='bbox 595 785 634 844; x_wconf 89' lang='lat' dir='ltr'>sit</span> <span class='ocrx_word' id='word_1_49' title='bbox 664 787 820 863; x_wconf 90' lang='lat' dir='ltr'>perpetua,</span> <span class='ocrx_word' id='word_1_50' title='bbox 854 781 988 844; x_wconf 83' lang='lat' dir='ltr'>licolesta</span> <span class='ocrx_word' id='word_1_51' title='bbox 1019 783 1183 842; x_wconf 87' lang='lat' dir='ltr'>triennium</span> 
     </span>
     <span class='ocr_line' id='line_1_7' title="bbox 48 881 1184 965; baseline -0.001 -20"><span class='ocrx_word' id='word_1_52' title='bbox 48 885 189 946; x_wconf 88' lang='lat' dir='ltr'>concedit</span> <span class='ocrx_word' id='word_1_53' title='bbox 211 889 433 965; x_wconf 87' lang='lat' dir='ltr'>experientiae;</span> <span class='ocrx_word' id='word_1_54' title='bbox 456 885 557 965; x_wconf 88' lang='lat' dir='ltr'>elapso</span> <span class='ocrx_word' id='word_1_55' title='bbox 570 889 710 963; x_wconf 90' lang='lat' dir='ltr'>triennio,</span> <span class='ocrx_word' id='word_1_56' title='bbox 734 889 759 948; x_wconf 89' lang='lat' dir='ltr'>si</span> <span class='ocrx_word' id='word_1_57' title='bbox 778 881 1053 964; x_wconf 82' lang='lat' dir='ltr'>uterqueailirmet,</span> <span class='ocrx_word' id='word_1_58' title='bbox 1077 881 1184 944; x_wconf 86' lang='lat' dir='ltr'>adesse</span> 
     </span>
     <span class='ocr_line' id='line_1_8' title="bbox 47 988 1185 1072; baseline 0.002 -26"><span class='ocrx_word' id='word_1_59' title='bbox 47 991 264 1066; x_wconf 87' lang='lat' dir='ltr'>impotentiam,</span> <span class='ocrx_word' id='word_1_60' title='bbox 288 988 465 1072; x_wconf 83' lang='lat' dir='ltr'>conjugibus</span> <span class='ocrx_word' id='word_1_61' title='bbox 492 989 696 1070; x_wconf 88' lang='lat' dir='ltr'>juramentum</span> <span class='ocrx_word' id='word_1_62' title='bbox 726 991 871 1048; x_wconf 89' lang='lat' dir='ltr'>scientiae</span> <span class='ocrx_word' id='word_1_63' title='bbox 902 992 933 1047; x_wconf 88' lang='lat' dir='ltr'>et</span> <span class='ocrx_word' id='word_1_64' title='bbox 961 991 1075 1067; x_wconf 86' lang='lat' dir='ltr'>septem</span> <span class='ocrx_word' id='word_1_65' title='bbox 1107 1003 1185 1048; x_wconf 85' lang='lat' dir='ltr'>con·</span> 
     </span>
     <span class='ocr_line' id='line_1_9' title="bbox 47 1088 1183 1174; baseline -0.003 -22"><span class='ocrx_word' id='word_1_66' title='bbox 47 1095 225 1174; x_wconf 84' lang='lat' dir='ltr'>sanguineis</span> <span class='ocrx_word' id='word_1_67' title='bbox 247 1111 263 1153; x_wconf 92' lang='lat' dir='ltr'>a</span> <span class='ocrx_word' id='word_1_68' title='bbox 287 1097 371 1173; x_wconf 91' lang='lat' dir='ltr'>parte</span> <span class='ocrx_word' id='word_1_69' title='bbox 395 1095 491 1153; x_wconf 90' lang='lat' dir='ltr'>mariti</span> <span class='ocrx_word' id='word_1_70' title='bbox 515 1095 546 1152; x_wconf 89' lang='lat' dir='ltr'>et</span> <span class='ocrx_word' id='word_1_71' title='bbox 568 1097 683 1171; x_wconf 89' lang='lat' dir='ltr'>septem</span> <span class='ocrx_word' id='word_1_72' title='bbox 707 1096 830 1171; x_wconf 85' lang='lat' dir='ltr'>a&#39;pnrte</span> <span class='ocrx_word' id='word_1_73' title='bbox 844 1095 946 1152; x_wconf 82' lang='lat' dir='ltr'>uxoris</span> <span class='ocrx_word' id='word_1_74' title='bbox 970 1095 1001 1151; x_wconf 88' lang='lat' dir='ltr'>ot</span> <span class='ocrx_word' id='word_1_75' title='bbox 1022 1093 1053 1150; x_wconf 91' lang='lat' dir='ltr'>iu</span> <span class='ocrx_word' id='word_1_76' title='bbox 1077 1088 1183 1151; x_wconf 86' lang='lat' dir='ltr'>tiorum</span> 
     </span>
     <span class='ocr_line' id='line_1_10' title="bbox 47 1192 1187 1276; baseline 0 -22"><span class='ocrx_word' id='word_1_77' title='bbox 47 1195 170 1256; x_wconf 85' lang='lat' dir='ltr'>deiectu</span> <span class='ocrx_word' id='word_1_78' title='bbox 192 1201 308 1276; x_wconf 89' lang='lat' dir='ltr'>septem</span> <span class='ocrx_word' id='word_1_79' title='bbox 331 1197 438 1258; x_wconf 91' lang='lat' dir='ltr'>vicinis</span> <span class='ocrx_word' id='word_1_80' title='bbox 460 1195 557 1258; x_wconf 88' lang='lat' dir='ltr'>bonae</span> <span class='ocrx_word' id='word_1_81' title='bbox 580 1193 676 1257; x_wconf 83' lang='lat' dir='ltr'>samue</span> <span class='ocrx_word' id='word_1_82' title='bbox 705 1211 743 1255; x_wconf 84' lang='lat' dir='ltr'>ex</span> <span class='ocrx_word' id='word_1_83' title='bbox 772 1199 900 1275; x_wconf 86' lang='lat' dir='ltr'>utraque</span> <span class='ocrx_word' id='word_1_84' title='bbox 923 1198 1008 1274; x_wconf 91' lang='lat' dir='ltr'>parte</span> <span class='ocrx_word' id='word_1_85' title='bbox 1025 1192 1187 1273; x_wconf 86' lang='lat' dir='ltr'>juramen·</span> 
     </span>
     <span class='ocr_line' id='line_1_11' title="bbox 47 1295 1185 1378; baseline -0.002 -21"><span class='ocrx_word' id='word_1_86' title='bbox 47 1303 108 1358; x_wconf 91' lang='lat' dir='ltr'>tum</span> <span class='ocrx_word' id='word_1_87' title='bbox 134 1299 319 1360; x_wconf 84' lang='lat' dir='ltr'>credulitatis</span> <span class='ocrx_word' id='word_1_88' title='bbox 341 1303 410 1360; x_wconf 91' lang='lat' dir='ltr'>ante</span> <span class='ocrx_word' id='word_1_89' title='bbox 433 1301 652 1378; x_wconf 88' lang='lat' dir='ltr'>separationem</span> <span class='ocrx_word' id='word_1_90' title='bbox 675 1295 871 1359; x_wconf 84' lang='lat' dir='ltr'>deserendum</span> <span class='ocrx_word' id='word_1_91' title='bbox 894 1302 956 1370; x_wconf 88' lang='lat' dir='ltr'>est;</span> <span class='ocrx_word' id='word_1_92' title='bbox 980 1301 1005 1360; x_wconf 87' lang='lat' dir='ltr'>si</span> <span class='ocrx_word' id='word_1_93' title='bbox 1029 1311 1103 1358; x_wconf 90' lang='lat' dir='ltr'>vero</span> <span class='ocrx_word' id='word_1_94' title='bbox 1126 1311 1185 1357; x_wconf 89' lang='lat' dir='ltr'>una</span> 
     </span>
     <span class='ocr_line' id='line_1_12' title="bbox 48 1399 1185 1482; baseline -0.002 -22"><span class='ocrx_word' id='word_1_95' title='bbox 48 1417 117 1478; x_wconf 85' lang='lat' dir='ltr'>pars</span> <span class='ocrx_word' id='word_1_96' title='bbox 140 1399 197 1462; x_wconf 92' lang='lat' dir='ltr'>sub</span> <span class='ocrx_word' id='word_1_97' title='bbox 221 1401 278 1461; x_wconf 83' lang='lat' dir='ltr'>lide</span> <span class='ocrx_word' id='word_1_98' title='bbox 297 1404 396 1482; x_wconf 84' lang='lat' dir='ltr'>jurata</span> <span class='ocrx_word' id='word_1_99' title='bbox 419 1407 554 1480; x_wconf 89' lang='lat' dir='ltr'>asserat,</span> <span class='ocrx_word' id='word_1_100' title='bbox 588 1403 808 1463; x_wconf 86' lang='lat' dir='ltr'>matrimonium</span> <span class='ocrx_word' id='word_1_101' title='bbox 836 1417 905 1462; x_wconf 93' lang='lat' dir='ltr'>esse</span> <span class='ocrx_word' id='word_1_102' title='bbox 934 1403 1185 1474; x_wconf 84' lang='lat' dir='ltr'>consummatum,</span> 
     </span>
     <span class='ocr_line' id='line_1_13' title="bbox 45 1501 1186 1586; baseline -0.004 -22"><span class='ocrx_word' id='word_1_103' title='bbox 45 1501 191 1572; x_wconf 79' lang='lat' dir='ltr'>standum,</span> <span class='ocrx_word' id='word_1_104' title='bbox 211 1507 256 1564; x_wconf 91' lang='lat' dir='ltr'>est</span> <span class='ocrx_word' id='word_1_105' title='bbox 278 1519 331 1583; x_wconf 95' lang='lat' dir='ltr'>pro</span> <span class='ocrx_word' id='word_1_106' title='bbox 355 1505 458 1567; x_wconf 89' lang='lat' dir='ltr'>valore</span> <span class='ocrx_word' id='word_1_107' title='bbox 481 1507 671 1580; x_wconf 79' lang='lat' dir='ltr'>matrimonii,</span> <span class='ocrx_word' id='word_1_108' title='bbox 696 1505 766 1566; x_wconf 89' lang='lat' dir='ltr'>licet</span> <span class='ocrx_word' id='word_1_109' title='bbox 789 1521 856 1584; x_wconf 91' lang='lat' dir='ltr'>pars</span> <span class='ocrx_word' id='word_1_110' title='bbox 879 1503 971 1565; x_wconf 89' lang='lat' dir='ltr'>attera</span> <span class='ocrx_word' id='word_1_111' title='bbox 994 1505 1103 1586; x_wconf 81' lang='lat' dir='ltr'>neget,</span> <span class='ocrx_word' id='word_1_112' title='bbox 1127 1503 1186 1561; x_wconf 85' lang='lat' dir='ltr'>uisi</span> 
     </span>
     <span class='ocr_line' id='line_1_14' title="bbox 45 1604 1182 1690; baseline -0.001 -23"><span class='ocrx_word' id='word_1_113' title='bbox 45 1610 134 1689; x_wconf 82' lang='lat' dir='ltr'>signa</span> <span class='ocrx_word' id='word_1_114' title='bbox 158 1611 353 1686; x_wconf 88' lang='lat' dir='ltr'>inpotentiae</span> <span class='ocrx_word' id='word_1_115' title='bbox 377 1613 458 1669; x_wconf 86' lang='lat' dir='ltr'>certa</span> <span class='ocrx_word' id='word_1_116' title='bbox 480 1612 648 1690; x_wconf 86' lang='lat' dir='ltr'>appareant.</span> <span class='ocrx_word' id='word_1_117' title='bbox 693 1606 724 1668; x_wconf 87' lang='lat' dir='ltr'>St</span> <span class='ocrx_word' id='word_1_118' title='bbox 743 1607 839 1689; x_wconf 84' lang='lat' dir='ltr'>judex</span> <span class='ocrx_word' id='word_1_119' title='bbox 856 1612 1030 1686; x_wconf 88' lang='lat' dir='ltr'>competens</span> <span class='ocrx_word' id='word_1_120' title='bbox 1053 1604 1182 1666; x_wconf 84' lang='lat' dir='ltr'>consilio</span> 
     </span>
     <span class='ocr_line' id='line_1_15' title="bbox 45 1707 1185 1788; baseline 0 -20"><span class='ocrx_word' id='word_1_121' title='bbox 45 1707 234 1772; x_wconf 87' lang='lat' dir='ltr'>medicorum</span> <span class='ocrx_word' id='word_1_122' title='bbox 263 1715 315 1772; x_wconf 91' lang='lat' dir='ltr'>aut</span> <span class='ocrx_word' id='word_1_123' title='bbox 349 1709 542 1773; x_wconf 88' lang='lat' dir='ltr'>honestarum</span> <span class='ocrx_word' id='word_1_124' title='bbox 581 1716 779 1774; x_wconf 88' lang='lat' dir='ltr'>matronarum</span> <span class='ocrx_word' id='word_1_125' title='bbox 817 1709 948 1772; x_wconf 83' lang='lat' dir='ltr'>adhibito</span> <span class='ocrx_word' id='word_1_126' title='bbox 981 1715 1012 1771; x_wconf 91' lang='lat' dir='ltr'>ot</span> <span class='ocrx_word' id='word_1_127' title='bbox 1045 1710 1185 1788; x_wconf 86' lang='lat' dir='ltr'>imposito</span> 
     </span>
     <span class='ocr_line' id='line_1_16' title="bbox 43 1809 1187 1894; baseline -0.001 -21"><span class='ocrx_word' id='word_1_128' title='bbox 43 1812 177 1894; x_wconf 85' lang='lat' dir='ltr'>singulis</span> <span class='ocrx_word' id='word_1_129' title='bbox 195 1813 368 1894; x_wconf 87' lang='lat' dir='ltr'>juramento</span> <span class='ocrx_word' id='word_1_130' title='bbox 392 1817 612 1877; x_wconf 86' lang='lat' dir='ltr'>matrimonium</span> <span class='ocrx_word' id='word_1_131' title='bbox 645 1815 683 1878; x_wconf 89' lang='lat' dir='ltr'>ob</span> <span class='ocrx_word' id='word_1_132' title='bbox 716 1817 920 1894; x_wconf 88' lang='lat' dir='ltr'>impotentiam</span> <span class='ocrx_word' id='word_1_133' title='bbox 943 1811 1057 1875; x_wconf 86' lang='lat' dir='ltr'>nullum</span> <span class='ocrx_word' id='word_1_134' title='bbox 1080 1809 1187 1876; x_wconf 86' lang='lat' dir='ltr'>decla-</span> 
     </span>
     <span class='ocr_line' id='line_1_17' title="bbox 44 1913 1187 1997; baseline 0 -23"><span class='ocrx_word' id='word_1_135' title='bbox 44 1919 135 1992; x_wconf 88' lang='lat' dir='ltr'>ravit,</span> <span class='ocrx_word' id='word_1_136' title='bbox 162 1914 304 1978; x_wconf 78' lang='lat' dir='ltr'>defensor</span> <span class='ocrx_word' id='word_1_137' title='bbox 326 1920 504 1980; x_wconf 85' lang='lat' dir='ltr'>matrimonii</span> <span class='ocrx_word' id='word_1_138' title='bbox 528 1933 649 1979; x_wconf 87' lang='lat' dir='ltr'>causam</span> <span class='ocrx_word' id='word_1_139' title='bbox 674 1933 728 1996; x_wconf 90' lang='lat' dir='ltr'>per</span> <span class='ocrx_word' id='word_1_140' title='bbox 750 1921 828 1980; x_wconf 90' lang='lat' dir='ltr'>viam</span> <span class='ocrx_word' id='word_1_141' title='bbox 850 1916 1058 1997; x_wconf 83' lang='lat' dir='ltr'>appellationis</span> <span class='ocrx_word' id='word_1_142' title='bbox 1079 1913 1117 1976; x_wconf 89' lang='lat' dir='ltr'>ad</span> <span class='ocrx_word' id='word_1_143' title='bbox 1139 1913 1187 1974; x_wconf 89' lang='lat' dir='ltr'>al-</span> 
     </span>
     <span class='ocr_line' id='line_1_18' title="bbox 44 2017 1187 2098; baseline 0.001 -23"><span class='ocrx_word' id='word_1_144' title='bbox 44 2021 108 2078; x_wconf 92' lang='lat' dir='ltr'>tius</span> <span class='ocrx_word' id='word_1_145' title='bbox 133 2017 263 2080; x_wconf 88' lang='lat' dir='ltr'>tribunal</span> <span class='ocrx_word' id='word_1_146' title='bbox 287 2019 436 2098; x_wconf 88' lang='lat' dir='ltr'>devolvet,</span> <span class='ocrx_word' id='word_1_147' title='bbox 460 2025 492 2082; x_wconf 90' lang='lat' dir='ltr'>ut</span> <span class='ocrx_word' id='word_1_148' title='bbox 515 2037 603 2082; x_wconf 89' lang='lat' dir='ltr'>causa</span> <span class='ocrx_word' id='word_1_149' title='bbox 626 2024 736 2082; x_wconf 86' lang='lat' dir='ltr'>iterum</span> <span class='ocrx_word' id='word_1_150' title='bbox 766 2026 797 2082; x_wconf 88' lang='lat' dir='ltr'>et</span> <span class='ocrx_word' id='word_1_151' title='bbox 825 2018 862 2082; x_wconf 90' lang='lat' dir='ltr'>de</span> <span class='ocrx_word' id='word_1_152' title='bbox 895 2037 974 2084; x_wconf 91' lang='lat' dir='ltr'>novo</span> <span class='ocrx_word' id='word_1_153' title='bbox 997 2020 1187 2082; x_wconf 80' lang='lat' dir='ltr'>exanimetur</span> 
     </span>
     <span class='ocr_line' id='line_1_19' title="bbox 44 2121 1186 2204; baseline -0.001 -23"><span class='ocrx_word' id='word_1_154' title='bbox 44 2139 80 2181; x_wconf 85' lang='lat' dir='ltr'>ac</span> <span class='ocrx_word' id='word_1_155' title='bbox 105 2139 162 2199; x_wconf 90' lang='lat' dir='ltr'>per</span> <span class='ocrx_word' id='word_1_156' title='bbox 184 2121 357 2184; x_wconf 86' lang='lat' dir='ltr'>ulteriorem</span> <span class='ocrx_word' id='word_1_157' title='bbox 380 2127 557 2186; x_wconf 89' lang='lat' dir='ltr'>sententiam</span> <span class='ocrx_word' id='word_1_158' title='bbox 581 2123 749 2187; x_wconf 83' lang='lat' dir='ltr'>definiatur.</span> <span class='ocrx_word' id='word_1_159' title='bbox 793 2121 868 2186; x_wconf 89' lang='lat' dir='ltr'>Nam</span> <span class='ocrx_word' id='word_1_160' title='bbox 897 2127 1057 2204; x_wconf 81' lang='lat' dir='ltr'>antequam</span> <span class='ocrx_word' id='word_1_161' title='bbox 1092 2135 1186 2200; x_wconf 87' lang='lat' dir='ltr'>sepa·</span> 
     </span>
     <span class='ocr_line' id='line_1_20' title="bbox 43 2219 1185 2305; baseline -0.003 -20"><span class='ocrx_word' id='word_1_162' title='bbox 43 2229 124 2286; x_wconf 86' lang='lat' dir='ltr'>ratio</span> <span class='ocrx_word' id='word_1_163' title='bbox 149 2222 213 2284; x_wconf 88' lang='lat' dir='ltr'>lieri</span> <span class='ocrx_word' id='word_1_164' title='bbox 237 2231 332 2305; x_wconf 88' lang='lat' dir='ltr'>possit</span> <span class='ocrx_word' id='word_1_165' title='bbox 355 2245 422 2288; x_wconf 87' lang='lat' dir='ltr'>curn</span> <span class='ocrx_word' id='word_1_166' title='bbox 446 2225 582 2288; x_wconf 87' lang='lat' dir='ltr'>libertate</span> <span class='ocrx_word' id='word_1_167' title='bbox 605 2227 641 2290; x_wconf 88' lang='lat' dir='ltr'>ad</span> <span class='ocrx_word' id='word_1_168' title='bbox 665 2229 721 2290; x_wconf 89' lang='lat' dir='ltr'>alia</span> <span class='ocrx_word' id='word_1_169' title='bbox 747 2231 815 2290; x_wconf 91' lang='lat' dir='ltr'>vota</span> <span class='ocrx_word' id='word_1_170' title='bbox 838 2225 1016 2290; x_wconf 89' lang='lat' dir='ltr'>convolandi</span> <span class='ocrx_word' id='word_1_171' title='bbox 1048 2227 1087 2299; x_wconf 89' lang='lat' dir='ltr'>(si</span> <span class='ocrx_word' id='word_1_172' title='bbox 1112 2219 1185 2305; x_wconf 81' lang='lat' dir='ltr'>nitril</span> 
     </span>
     <span class='ocr_line' id='line_1_21' title="bbox 43 2326 1185 2404; baseline -0.001 -17"><span class='ocrx_word' id='word_1_173' title='bbox 43 2326 129 2388; x_wconf 83' lang='lat' dir='ltr'>aliud</span> <span class='ocrx_word' id='word_1_174' title='bbox 153 2327 277 2404; x_wconf 87' lang='lat' dir='ltr'>obstet),</span> <span class='ocrx_word' id='word_1_175' title='bbox 301 2330 405 2391; x_wconf 87' lang='lat' dir='ltr'>saltern</span> <span class='ocrx_word' id='word_1_176' title='bbox 428 2331 509 2391; x_wconf 85' lang='lat' dir='ltr'>duae</span> <span class='ocrx_word' id='word_1_177' title='bbox 531 2335 698 2394; x_wconf 88' lang='lat' dir='ltr'>sententiae</span> <span class='ocrx_word' id='word_1_178' title='bbox 720 2333 825 2393; x_wconf 88' lang='lat' dir='ltr'>contra</span> <span class='ocrx_word' id='word_1_179' title='bbox 848 2329 978 2392; x_wconf 89' lang='lat' dir='ltr'>valorem</span> <span class='ocrx_word' id='word_1_180' title='bbox 1010 2327 1185 2404; x_wconf 74' lang='lat' dir='ltr'>unilormes,</span> 
     </span>
     <span class='ocr_line' id='line_1_22' title="bbox 42 2429 1037 2514; baseline -0.001 -21"><span class='ocrx_word' id='word_1_181' title='bbox 42 2431 101 2493; x_wconf 91' lang='lat' dir='ltr'>sub</span> <span class='ocrx_word' id='word_1_182' title='bbox 127 2449 223 2510; x_wconf 90' lang='lat' dir='ltr'>poena</span> <span class='ocrx_word' id='word_1_183' title='bbox 248 2433 389 2495; x_wconf 85' lang='lat' dir='ltr'>nnllitatis</span> <span class='ocrx_word' id='word_1_184' title='bbox 414 2451 581 2514; x_wconf 83' lang='lat' dir='ltr'>processus,</span> <span class='ocrx_word' id='word_1_185' title='bbox 606 2438 779 2496; x_wconf 90' lang='lat' dir='ltr'>necessario</span> <span class='ocrx_word' id='word_1_186' title='bbox 802 2429 1037 2514; x_wconf 84' lang='lat' dir='ltr'>requiruntur.¹)</span> 
     </span>
    </p>
   </div>
   <div class='ocr_carea' id='block_1_3' title="bbox 408 2611 832 2846">
    <p class='ocr_par' dir='ltr' id='par_1_3' title="bbox 408 2611 832 2846">
     <span class='ocr_line' id='line_1_23' title="bbox 565 2611 670 2686; baseline -0.019 -10"><span class='ocrx_word' id='word_1_187' title='bbox 565 2619 595 2686; x_wconf 70' lang='lat' dir='ltr'>t.</span> <span class='ocrx_word' id='word_1_188' title='bbox 618 2611 670 2676; x_wconf 80' lang='lat' dir='ltr'>ot.</span> 
     </span>
     <span class='ocr_line' id='line_1_24' title="bbox 408 2759 832 2846; baseline 0.012 -21"><span class='ocrx_word' id='word_1_189' title='bbox 408 2759 438 2826; x_wconf 85' lang='lat' dir='ltr'>i.</span> <span class='ocrx_word' id='word_1_190' title='bbox 459 2760 498 2825; x_wconf 86' lang='lat' dir='ltr'>lie</span> <span class='ocrx_word' id='word_1_191' title='bbox 520 2761 702 2846; x_wconf 84' lang='lat' dir='ltr'>impedimento</span> <span class='ocrx_word' id='word_1_192' title='bbox 726 2764 832 2830; x_wconf 70' lang='lat' dir='ltr'>retnis.</span> 
     </span>
    </p>
   </div>
   <div class='ocr_carea' id='block_1_4' title="bbox 39 2915 1186 3413">
    <p class='ocr_par' dir='ltr' id='par_1_4' title="bbox 39 2915 1186 3413">
     <span class='ocr_line' id='line_1_25' title="bbox 134 2915 1186 3002; baseline 0.003 -25"><span class='ocrx_word' id='word_1_193' title='bbox 134 2917 157 2977; x_wconf 94' lang='lat' dir='ltr'>i.</span> <span class='ocrx_word' id='word_1_194' title='bbox 180 2915 227 2978; x_wconf 84' lang='lat' dir='ltr'>Ad</span> <span class='ocrx_word' id='word_1_195' title='bbox 237 2915 397 2977; x_wconf 87' lang='lat' dir='ltr'>ineundum</span> <span class='ocrx_word' id='word_1_196' title='bbox 407 2919 626 2979; x_wconf 87' lang='lat' dir='ltr'>matrimonium</span> <span class='ocrx_word' id='word_1_197' title='bbox 639 2923 720 2980; x_wconf 88' lang='lat' dir='ltr'>certa</span> <span class='ocrx_word' id='word_1_198' title='bbox 729 2927 862 3002; x_wconf 92' lang='lat' dir='ltr'>corporis</span> <span class='ocrx_word' id='word_1_199' title='bbox 878 2926 908 2983; x_wconf 92' lang='lat' dir='ltr'>et</span> <span class='ocrx_word' id='word_1_200' title='bbox 919 2923 1026 2981; x_wconf 87' lang='lat' dir='ltr'>mentis</span> <span class='ocrx_word' id='word_1_201' title='bbox 1034 2921 1186 2980; x_wconf 87' lang='lat' dir='ltr'>maturitas</span> 
     </span>
     <span class='ocr_line' id='line_1_26' title="bbox 39 3019 1186 3106; baseline 0 -24"><span class='ocrx_word' id='word_1_202' title='bbox 39 3019 373 3098; x_wconf 86' lang='lat' dir='ltr'>necessariaest,unde</span> <span class='ocrx_word' id='word_1_203' title='bbox 388 3019 424 3080; x_wconf 90' lang='lat' dir='ltr'>ad</span> <span class='ocrx_word' id='word_1_204' title='bbox 438 3019 568 3082; x_wconf 85' lang='lat' dir='ltr'>valorem</span> <span class='ocrx_word' id='word_1_205' title='bbox 582 3027 761 3106; x_wconf 88' lang='lat' dir='ltr'>matrimonii</span> <span class='ocrx_word' id='word_1_206' title='bbox 781 3043 819 3086; x_wconf 85' lang='lat' dir='ltr'>ex</span> <span class='ocrx_word' id='word_1_207' title='bbox 838 3026 908 3106; x_wconf 82' lang='lat' dir='ltr'>Jure</span> <span class='ocrx_word' id='word_1_208' title='bbox 926 3025 1070 3085; x_wconf 85' lang='lat' dir='ltr'>canonico</span> <span class='ocrx_word' id='word_1_209' title='bbox 1091 3038 1186 3083; x_wconf 90' lang='lat' dir='ltr'>annus</span> 
     </span>
     <span class='ocr_line' id='line_1_27' title="bbox 39 3121 1184 3208; baseline 0 -24"><span class='ocrx_word' id='word_1_210' title='bbox 39 3125 183 3185; x_wconf 89' lang='lat' dir='ltr'>decimus</span> <span class='ocrx_word' id='word_1_211' title='bbox 206 3128 328 3204; x_wconf 87' lang='lat' dir='ltr'>quartus</span> <span class='ocrx_word' id='word_1_212' title='bbox 350 3127 381 3182; x_wconf 91' lang='lat' dir='ltr'>in</span> <span class='ocrx_word' id='word_1_213' title='bbox 404 3125 479 3199; x_wconf 87' lang='lat' dir='ltr'>viro,</span> <span class='ocrx_word' id='word_1_214' title='bbox 505 3129 534 3183; x_wconf 89' lang='lat' dir='ltr'>et</span> <span class='ocrx_word' id='word_1_215' title='bbox 556 3121 751 3189; x_wconf 86' lang='lat' dir='ltr'>duodecimus</span> <span class='ocrx_word' id='word_1_216' title='bbox 780 3133 811 3188; x_wconf 93' lang='lat' dir='ltr'>in</span> <span class='ocrx_word' id='word_1_217' title='bbox 843 3125 972 3205; x_wconf 80' lang='lat' dir='ltr'>semina,</span> <span class='ocrx_word' id='word_1_218' title='bbox 1004 3131 1034 3187; x_wconf 91' lang='lat' dir='ltr'>et</span> <span class='ocrx_word' id='word_1_219' title='bbox 1064 3123 1184 3208; x_wconf 90' lang='lat' dir='ltr'>quidem</span> 
     </span>
     <span class='ocr_line' id='line_1_28' title="bbox 39 3225 1184 3312; baseline -0.003 -22"><span class='ocrx_word' id='word_1_220' title='bbox 39 3226 214 3306; x_wconf 90' lang='lat' dir='ltr'>completus</span> <span class='ocrx_word' id='word_1_221' title='bbox 237 3229 419 3306; x_wconf 85' lang='lat' dir='ltr'>requiritur:</span> <span class='ocrx_word' id='word_1_222' title='bbox 452 3225 488 3286; x_wconf 86' lang='lat' dir='ltr'>ab</span> <span class='ocrx_word' id='word_1_223' title='bbox 519 3230 582 3306; x_wconf 88' lang='lat' dir='ltr'>ipsa</span> <span class='ocrx_word' id='word_1_224' title='bbox 613 3234 712 3290; x_wconf 71' lang='lat' dir='ltr'>utnon</span> <span class='ocrx_word' id='word_1_225' title='bbox 735 3229 836 3312; x_wconf 83' lang='lat' dir='ltr'>legum</span> <span class='ocrx_word' id='word_1_226' title='bbox 861 3230 1057 3312; x_wconf 88' lang='lat' dir='ltr'>dispositione</span> <span class='ocrx_word' id='word_1_227' title='bbox 1079 3231 1184 3308; x_wconf 92' lang='lat' dir='ltr'>provi-</span> 
     </span>
     <span class='ocr_line' id='line_1_29' title="bbox 39 3323 1186 3413; baseline -0.001 -21"><span class='ocrx_word' id='word_1_228' title='bbox 39 3350 112 3393; x_wconf 88' lang='lat' dir='ltr'>sum</span> <span class='ocrx_word' id='word_1_229' title='bbox 137 3335 195 3408; x_wconf 91' lang='lat' dir='ltr'>est,</span> <span class='ocrx_word' id='word_1_230' title='bbox 220 3333 252 3390; x_wconf 91' lang='lat' dir='ltr'>ut</span> <span class='ocrx_word' id='word_1_231' title='bbox 277 3331 496 3390; x_wconf 87' lang='lat' dir='ltr'>matrimonium</span> <span class='ocrx_word' id='word_1_232' title='bbox 530 3332 619 3391; x_wconf 89' lang='lat' dir='ltr'>etiam</span> <span class='ocrx_word' id='word_1_233' title='bbox 650 3337 719 3394; x_wconf 87' lang='lat' dir='ltr'>ante</span> <span class='ocrx_word' id='word_1_234' title='bbox 749 3323 806 3395; x_wconf 91' lang='lat' dir='ltr'>ho&#39;c</span> <span class='ocrx_word' id='word_1_235' title='bbox 830 3337 947 3413; x_wconf 84' lang='lat' dir='ltr'>ternpus</span> <span class='ocrx_word' id='word_1_236' title='bbox 970 3335 1186 3413; x_wconf 85' lang='lat' dir='ltr'>praescriptum</span> 
     </span>
    </p>
   </div>
   <div class='ocr_carea' id='block_1_5' title="bbox 69 3530 1187 3636">
    <p class='ocr_par' dir='ltr' id='par_1_5' title="bbox 69 3530 1187 3636">
     <span class='ocr_line' id='line_1_30' title="bbox 69 3530 1187 3636; baseline 0.004 -22"><span class='ocrx_word' id='word_1_237' title='bbox 69 3564 94 3630; x_wconf 84' lang='lat'>¹)</span> <span class='ocrx_word' id='word_1_238' title='bbox 114 3565 148 3615; x_wconf 89' lang='lat' dir='ltr'>Et</span> <span class='ocrx_word' id='word_1_239' title='bbox 167 3573 250 3616; x_wconf 89' lang='lat' dir='ltr'>tamen</span> <span class='ocrx_word' id='word_1_240' title='bbox 271 3568 296 3618; x_wconf 89' lang='lat' dir='ltr'>io</span> <span class='ocrx_word' id='word_1_241' title='bbox 316 3565 364 3618; x_wconf 87' lang='lat' dir='ltr'>hoo</span> <span class='ocrx_word' id='word_1_242' title='bbox 381 3530 533 3636; x_wconf 80' lang='lat' dir='ltr'>quaudoque</span> <span class='ocrx_word' id='word_1_243' title='bbox 546 3565 626 3630; x_wconf 87' lang='lat' dir='ltr'>judex</span> <span class='ocrx_word' id='word_1_244' title='bbox 643 3567 827 3620; x_wconf 85' lang='lat' dir='ltr'>ecclesiasticus</span> <span class='ocrx_word' id='word_1_245' title='bbox 845 3578 928 3632; x_wconf 86' lang='lat' dir='ltr'>errat;</span> <span class='ocrx_word' id='word_1_246' title='bbox 946 3569 1023 3634; x_wconf 80' lang='lat' dir='ltr'>unde,</span> <span class='ocrx_word' id='word_1_247' title='bbox 1050 3569 1071 3617; x_wconf 87' lang='lat' dir='ltr'>si</span> <span class='ocrx_word' id='word_1_248' title='bbox 1095 3583 1123 3618; x_wconf 86' lang='lat' dir='ltr'>se</span> <span class='ocrx_word' id='word_1_249' title='bbox 1140 3567 1187 3618; x_wconf 91' lang='lat' dir='ltr'>de·</span> 
     </span>
    </p>
   </div>
   <div class='ocr_carea' id='block_1_6' title="bbox 116 3651 1291 3724">
    <p class='ocr_par' dir='ltr' id='par_1_6' title="bbox 116 3651 1291 3724">
     <span class='ocr_line' id='line_1_31' title="bbox 116 3651 1291 3724; baseline 0.003 -23"><span class='ocrx_word' id='word_1_250' title='bbox 116 3659 219 3718; x_wconf 87' lang='lat' dir='ltr'>ceptum</span> <span class='ocrx_word' id='word_1_251' title='bbox 237 3653 359 3714; x_wconf 86' lang='lat' dir='ltr'>inveniat,</span> <span class='ocrx_word' id='word_1_252' title='bbox 380 3669 425 3720; x_wconf 93' lang='lat' dir='ltr'>per</span> <span class='ocrx_word' id='word_1_253' title='bbox 438 3651 494 3713; x_wconf 92' lang='lat' dir='ltr'>hoc,</span> <span class='ocrx_word' id='word_1_254' title='bbox 513 3651 582 3721; x_wconf 90' lang='lat' dir='ltr'>quod</span> <span class='ocrx_word' id='word_1_255' title='bbox 601 3654 650 3714; x_wconf 87' lang='lat' dir='ltr'>ille,</span> <span class='ocrx_word' id='word_1_256' title='bbox 670 3657 695 3704; x_wconf 86' lang='lat' dir='ltr'>iir</span> <span class='ocrx_word' id='word_1_257' title='bbox 715 3671 765 3724; x_wconf 90' lang='lat' dir='ltr'>quo</span> <span class='ocrx_word' id='word_1_258' title='bbox 779 3662 833 3706; x_wconf 86' lang='lat' dir='ltr'>erat</span> <span class='ocrx_word' id='word_1_259' title='bbox 847 3654 1063 3722; x_wconf 86' lang='lat' dir='ltr'>impedimentum,</span> <span class='ocrx_word' id='word_1_260' title='bbox 1082 3653 1184 3704; x_wconf 89' lang='lat' dir='ltr'>inveni·</span> <span class='ocrx_word' id='word_1_261' title='bbox 1280 3685 1291 3697; x_wconf 60' lang='grc' dir='ltr'><strong><em>ι</em></strong></span> 
     </span>
    </p>
   </div>
   <div class='ocr_carea' id='block_1_7' title="bbox 114 3737 1186 4054">
    <p class='ocr_par' dir='ltr' id='par_1_7' title="bbox 114 3737 1186 4054">
     <span class='ocr_line' id='line_1_32' title="bbox 115 3737 1186 3808; baseline 0.002 -22"><span class='ocrx_word' id='word_1_262' title='bbox 115 3745 157 3788; x_wconf 90' lang='lat' dir='ltr'>tur</span> <span class='ocrx_word' id='word_1_263' title='bbox 172 3737 299 3789; x_wconf 88' lang='lat' dir='ltr'>carnalem</span> <span class='ocrx_word' id='word_1_264' title='bbox 318 3737 435 3805; x_wconf 88' lang='lat' dir='ltr'>copulam</span> <span class='ocrx_word' id='word_1_265' title='bbox 455 3755 513 3789; x_wconf 89' lang='lat' dir='ltr'>cunr</span> <span class='ocrx_word' id='word_1_266' title='bbox 533 3739 591 3801; x_wconf 88' lang='lat' dir='ltr'>alia,</span> <span class='ocrx_word' id='word_1_267' title='bbox 620 3739 660 3790; x_wconf 90' lang='lat' dir='ltr'>vel</span> <span class='ocrx_word' id='word_1_268' title='bbox 675 3756 731 3790; x_wconf 87' lang='lat' dir='ltr'>curn</span> <span class='ocrx_word' id='word_1_269' title='bbox 754 3740 842 3792; x_wconf 89' lang='lat' dir='ltr'>eadem</span> <span class='ocrx_word' id='word_1_270' title='bbox 865 3741 1007 3808; x_wconf 78' lang='lat' dir='ltr'>perfecisse,</span> <span class='ocrx_word' id='word_1_271' title='bbox 1032 3738 1186 3806; x_wconf 77' lang='lat' dir='ltr'>redintegrat</span> 
     </span>
     <span class='ocr_line' id='line_1_33' title="bbox 114 3823 1186 3895; baseline 0.002 -23"><span class='ocrx_word' id='word_1_272' title='bbox 114 3823 301 3875; x_wconf 90' lang='lat' dir='ltr'>matrimonium</span> <span class='ocrx_word' id='word_1_273' title='bbox 319 3824 483 3892; x_wconf 89' lang='lat' dir='ltr'>praecedens,</span> <span class='ocrx_word' id='word_1_274' title='bbox 512 3833 537 3876; x_wconf 92' lang='lat' dir='ltr'>et</span> <span class='ocrx_word' id='word_1_275' title='bbox 552 3823 647 3876; x_wconf 89' lang='lat' dir='ltr'>dirimit</span> <span class='ocrx_word' id='word_1_276' title='bbox 662 3826 812 3889; x_wconf 86' lang='lat' dir='ltr'>secundom,</span> <span class='ocrx_word' id='word_1_277' title='bbox 829 3829 944 3895; x_wconf 84' lang='lat' dir='ltr'>quamvis</span> <span class='ocrx_word' id='word_1_278' title='bbox 963 3827 995 3877; x_wconf 87' lang='lat' dir='ltr'>de</span> <span class='ocrx_word' id='word_1_279' title='bbox 1009 3825 1064 3890; x_wconf 85' lang='lat' dir='ltr'>ejus</span> <span class='ocrx_word' id='word_1_280' title='bbox 1085 3825 1186 3876; x_wconf 88' lang='lat' dir='ltr'>licentia</span> 
     </span>
     <span class='ocr_line' id='line_1_34' title="bbox 114 3906 1185 3986; baseline 0.006 -28"><span class='ocrx_word' id='word_1_281' title='bbox 114 3909 266 3962; x_wconf 86' lang='lat' dir='ltr'>sitiactum.</span> <span class='ocrx_word' id='word_1_282' title='bbox 298 3910 323 3962; x_wconf 89' lang='lat' dir='ltr'>S.</span> <span class='ocrx_word' id='word_1_283' title='bbox 345 3906 431 3963; x_wconf 78' lang='lat' dir='ltr'>Thom.</span> <span class='ocrx_word' id='word_1_284' title='bbox 455 3927 587 3986; x_wconf 54' lang='lat' dir='ltr'>soppuqu.</span> <span class='ocrx_word' id='word_1_285' title='bbox 604 3911 646 3963; x_wconf 81' lang='grc'>58.</span> <span class='ocrx_word' id='word_1_286' title='bbox 668 3927 689 3964; x_wconf 89' lang='lat' dir='ltr'>a.</span> <span class='ocrx_word' id='word_1_287' title='bbox 716 3912 738 3969; x_wconf 87' lang='lat' dir='ltr'>i.</span> <span class='ocrx_word' id='word_1_288' title='bbox 765 3912 865 3970; x_wconf 80' lang='lat' dir='ltr'>Deerat.</span> <span class='ocrx_word' id='word_1_289' title='bbox 885 3913 908 3972; x_wconf 81' lang='grc'>4.</span> <span class='ocrx_word' id='word_1_290' title='bbox 941 3915 977 3966; x_wconf 87' lang='lat' dir='ltr'>tlt.</span> <span class='ocrx_word' id='word_1_291' title='bbox 1003 3911 1043 3973; x_wconf 79' lang='lat' dir='ltr'>to.</span> <span class='ocrx_word' id='word_1_292' title='bbox 1070 3925 1092 3964; x_wconf 88' lang='lat' dir='ltr'>o.</span> <span class='ocrx_word' id='word_1_293' title='bbox 1111 3911 1135 3971; x_wconf 78' lang='lat' dir='ltr'>d.</span> <span class='ocrx_word' id='word_1_294' title='bbox 1151 3939 1185 3956; x_wconf 85' lang='lat'><em>-</em></span> 
     </span>
     <span class='ocr_line' id='line_1_35' title="bbox 114 3994 351 4054; baseline 0.017 -6"><span class='ocrx_word' id='word_1_295' title='bbox 114 3995 188 4050; x_wconf 73' lang='lat' dir='ltr'>(loni.</span> <span class='ocrx_word' id='word_1_296' title='bbox 208 3994 266 4054; x_wconf 77' lang='lat' dir='ltr'>Gar.</span> <span class='ocrx_word' id='word_1_297' title='bbox 284 3995 351 4052; x_wconf 88' lang='lat' dir='ltr'>iiiii.</span> 
     </span>
    </p>
   </div>
   <div class='ocr_carea' id='block_1_8' title="bbox 0 0 1378 4646">
    <p class='ocr_par' dir='ltr' id='par_1_8' title="bbox 0 0 1378 4646">
     <span class='ocr_line' id='line_1_36' title="bbox 0 0 1378 4646; baseline 0 1"><span class='ocrx_word' id='word_1_298' title='bbox 0 0 1378 4646; x_wconf 95' lang='lat' dir='ltr'> </span> 
     </span>
    </p>
   </div>
  </div>
 </body>
</html>
