2764 4664
194 227 257 294 252
565 244 602 300 lle
620 243 710 300 cauta
728 241 959 304 matrimonialibus.

192 406 262 484 quia
284 407 316 464 in
339 403 404 468 loro
427 409 554 466 externo
577 421 616 466 ex
638 420 727 466 causa
750 421 806 466 nee
830 408 950 482 notorii,
975 421 1031 468 nee
1053 405 1189 488 legitime
1213 404 1330 487 probati

129 558 133 566 .
194 523 320 568 uxorem
343 507 507 583 dimittens,
532 527 596 570 eam
621 511 757 586 recipere
780 507 1004 586 compellendus
1027 515 1089 576 est,
1114 525 1153 570 ne
1177 508 1331 572 bominum

194 607 324 671 malitiae
346 627 418 672 ansa
442 609 620 690 praebeatur
642 612 803 692 conjugem
825 614 1017 672 innocentem
1049 611 1199 692 ejusmodi
1224 609 1331 673 dimis-

194 714 279 773 sione
301 711 446 787 vexandl3
478 710 538 772 dixi
562 711 597 786 2)
619 715 742 776 secluso
764 712 929 786 scandum
960 717 1031 794 quia
1054 714 1091 776 ad
1123 732 1219 794 grave
1242 732 1333 780 scan-

194 813 251 876 dali
284 816 450 894 periculum
485 816 654 894 vitandum,
695 815 777 895 quod
810 819 910 896 vergit
939 820 970 876 in
999 816 1332 897 damnum'publicum,

183 922 270 997 ,parti
292 922 448 980 innocenti
479 918 589 999 aliquid
613 917 650 980 de
673 920 742 998 jure
770 935 825 980 suo
850 921 964 996 privato
993 918 1158 983 cedendum
1191 939 1263 984 esse
1286 926 1333 982 vi-

194 1019 295 1082 detur..
337 1020 382 1084 nd
407 1021 537 1084 debitum
561 1027 660 1084 autem
690 1021 874 1082 reddendum
907 1024 980 1099 parti
1003 1020 1156 1085 adulterae
1186 1041 1257 1103 pars
1280 1029 1330 1085 in-

198 1141 311 1186 nocens
335 1142 395 1185 non
419 1123 585 1206 obligatur,
611 1125 679 1185 licet
712 1123 919 1186 deficientibus
943 1123 1168 1200 probationibus
1191 1147 1209 1190 a
1228 1127 1333 1208 judice

194 1225 398 1290 ecclesiastico
421 1227 626 1307 compellatur,
652 1232 721 1308 quia
744 1231 891 1288 senlantia
903 1231 1009 1288 nititur
1031 1231 1062 1288 ia
1085 1234 1333 1310 praesumptione

193 1327 315 1404 Μεθ’).
340 1367 372 1376 —
403 1330 499 1394 Etiam
523 1349 561 1392 en
579 1335 694 1394 ratione
708 1329 832 1410 periculi
855 1334 971 1392 animae
995 1330 1043 1390 vel
1066 1335 1201 1411 corporis
1213 1337 1334 1412 propria

191 1437 372 1494 “auctoritate
402 1438 551 1513 separatio
583 1434 682 1513 quoad
712 1433 960 1498 cohabitationem
997 1434 1059 1496 [leri
1094 1439 1206 1513 polest,
1243 1435 1332 1498 modo

195 1535 358 1616 periculum
381 1537 452 1600 illud
484 1536 571 1598 valde
601 1555 692 1619 grave
723 1541 762 1598 sit
790 1543 819 1596 et
850 1539 1018 1600 imminens.
1064 1535 1122 1598 Sed
1149 1537 1275 1617 expedit
1307 1542 1334 1598 in

160 1691 162 1696 .
196 1643 290 1717 praxi,
314 1645 346 1702 ut
368 1641 525 1702 consilium
550 1644 606 1702 viri
629 1641 798 1720 prudentis,
824 1644 998 1720 praesertim
1022 1638 1223 1717 Conl'essarii,
1248 1657 1333 1701 sem-

196 1757 248 1820 per
277 1749 402 1821 petatur.
447 1742 656 1806 confessarius
683 1761 757 1806 vero
786 1747 819 1804 in
848 1742 903 1804 boc
933 1741 1033 1804 valde·
1051 1748 1139 1804 caute
1168 1743 1334 1822 procedere

197 1843 287 1906 delict
295 1865 304 1918 3
328 1850 439 1922 careat,
470 1863 508 1906 ne
532 1845 647 1908 lucilius
670 1845 773 1908 credat
794 1845 939 1908 uxoribus
962 1843 1000 1906 de
1023 1848 1095 1906 viris
1124 1845 1334 1925 querentibus,

194 1952 388 2028 salagalque,
413 1953 446 2008 ut
468 1966 519 2010 aas
542 1953 730 2027 compescat,
755 1954 785 2010 et
808 1947 971 2010 adivortio
996 1947 1043 2007 vel
1067 1947 1251 2012 instituenda
1284 1948 1335 2010 lite

196 2054 341 2123 reducat,
374 2055 549 2128 praesertim
579 2050 696 2131 quando
730 2055 842 2112 crimen
870 2051 992 2112 alterius
1023 2055 1115 2131 partis
1146 2049 1335 2114 sufficienler

195 2152 314 2232 probari
340 2171 398 2215 non
423 2160 519 2234 potcsl
530 2151 542 2187 ²
544 2167 569 2230 J.

186 2256 189 2262 '
282 2253 329 2320 lV.
354 2257 508 2337 Separatio
533 2265 685 2340 perpetuo
709 2262 827 2320 nonnisi
856 2278 894 2318 cx
924 2255 1038 2320 duabus
1068 2259 1182 2333 causis,
1215 2263 1247 2318 ut
1270 2258 1331 2338 jam

194 2359 361 2440 innuimus,
393 2378 501 2442 nempe
531 2380 584 2441 per
606 2369 740 2426 mutuum
764 2378 943 2423 consensum
968 2365 997 2422 et
1027 2359 1065 2420 ob
1092 2357 1273 2420 adulterium
1297 2357 1333 2420 ab

193 2477 254 2522 uno
278 2468 467 2524 commissum
492 2463 555 2526 liert
587 2471 694 2546 potest,
718 2463 807 2544 idque
830 2461 928 2544 quoad
952 2469 1047 2525 torum
1074 2465 1194 2542 propria
1224 2467 1335 2522 aucto-

195 2565 299 2638 ritate3
323 2565 422 2644 quoad
445 2572 543 2628 autem
573 2567 839 2644 cohabitationem,
873 2565 912 2627 ob
934 2565 1111 2627 adulterium
1140 2569 1274 2639 certum3
1304 2569 1335 2625 ut

194 2663 338 2743 diximus,
369 2667 513 2733 discessio
545 2675 774 2752 inperpetuum
812 2673 980 2732 innocentis
1009 2667 1185 2748 plerumque
1214 2669 1334 2749 propria

184 2759 371 2831 'auctoritate
405 2771 589 2850 admittitur,
630 2793 691 2836 non
725 2791 797 2835 vero
829 2789 882 2852 per
911 2775 1044 2834 mutuum
1078 2787 1281 2844 consensum;
1309 2772 1334 2830 si

195 2875 275 2931 enim
298 2871 366 2934 talis
389 2879 538 2956 separatio
561 2881 791 2958 inperpetuum
816 2871 952 2936 iacienda
976 2893 992 2934 a
1015 2872 1193 2956 conjugibus
1218 2888 1334 2952 expos-

196 2971 325 3054 tulatur,
358 2983 519 3042 auctoritas
542 2980 747 3042 ecelesiastica
769 2977 934 3040 intercedat
956 2991 1081 3036 necesse
1104 2980 1168 3051 est,
1193 2979 1225 3035 et
1247 2978 1336 3036 uter·

195 3092 254 3156 que
277 3079 386 3160 conjux
409 3087 511 3144 votum
540 3083 676 3144 solemne
707 3089 737 3146 in
767 3081 915 3166 religione
945 3078 1042 3158 aliqua
1072 3077 1249 3160 approbata,
1275 3077 1335 3154 vel,

197 3181 223 3238 si
247 3182 293 3240 vir
316 3199 339 3244 s.
362 3181 489 3246 Ordines
512 3189 646 3266 suscipit,
671 3205 748 3249 uxor
771 3185 875 3248 saltem
898 3181 1077 3269 religionem
1100 3179 1220 3264 ingredi
1244 3184 1338 3242 tene-

196 3287 253 3359 tur,
276 3287 333 3346 nisi
357 3287 499 3350 alterutra
510 3305 579 3366 pars
602 3290 640 3351 ob
654 3295 824 3369 provectam
848 3291 975 3350 aetatem
999 3281 1152 3346 inmundo
1175 3301 1337 3344 remanere

195 3387 337 3464 voluerit,
361 3391 442 3453 edito
466 3395 584 3454 nonnisi
608 3392 735 3472 simplici
760 3401 830 3454 voto
854 3391 1015 3465 castitalis,
1048 3385 1129 3466 quod
1153 3392 1254 3448 lamen
1279 3391 1337 3447 erit

194 3493 345 3556 advitam
370 3495 493 3557 alterius
517 3492 842 3575 partisduraturnm3).
887 3491 932 3554 Ex
961 3503 1138 3572 quacunque
1162 3491 1220 3552 alia
1244 3507 1338 3552 causa

222 3767 244 3834 1)
264 3764 385 3832 Sancbes.
403 3765 445 3820 tus
466 3765 505 3818 lo.
523 3765 588 3834 disp.
610 3765 648 3818 12.
666 3781 691 3818 n.
710 3764 750 3816 tt.

222 3853 246 3919 ²)
265 3852 340 3919 Gury.
360 3852 376 3904 l.
395 3869 417 3904 c.
1077 3913 1079 3918 ,
1190 3873 1194 3882 ’

224 3939 246 4005 ³)
263 3937 315 3990 Lib.
334 3938 374 3990 tv.
393 3938 492 3990 Deerat.
517 3939 552 3992 tlt.
575 3938 613 3988 ta.
632 3952 653 3988 c.
671 3936 696 3988 l.
720 3933 848 3986 Benediot.
866 3933 931 3986 xiv.
956 3933 987 3990 de
1013 3933 1103 4000 synod.
1130 3934 1211 3998 diotae⁴
1232 3931 1275 3994 tib.
1297 3931 1336 3996 lb.

264 4040 286 4081 c.
306 4024 345 4076 12.
360 4040 392 4092 a.
411 4023 518 4077 tl-ta
537 4023 563 4076 S.
582 4020 610 4076 ll.
629 4019 656 4076 G.
677 4022 699 4074 i.
720 4019 779 4092 llajl
798 4023 873 4080 litt.
