2736 4660
170 219 235 288 340
587 235 667 288 &rna
684 235 889 290 mahimcnialer.

170 399 245 473 rina,
269 409 347 476 quae
369 399 400 456 in
423 409 477 458 sua
501 393 640 476 parochia
661 400 711 458 est
731 410 842 456 annum
864 395 1039 454 vicesimum
1062 407 1167 474 agens,
1192 391 1302 454 admitti

169 499 264 578 possit
285 497 322 560 ad
344 501 575 576 matrimonium,
598 495 678 579 quod
700 501 834 577 paratum
858 495 965 572 habet,
991 511 1049 556 non
1075 495 1187 558 colluto
1209 496 1302 557 eidem

168 598 225 664 sub
256 600 428 662 conditione
460 601 624 681 baptismo,
661 599 700 662 ob
731 603 880 678 incertos,
911 615 987 680 qnos
1024 597 1127 660 babuit
1156 606 1301 678 parentes.

169 701 250 766 Tacit
272 702 425 765 historiam
450 707 566 778 narrat,
596 708 684 765 unius
709 706 791 763 testis
815 699 949 784 judiciali
974 698 1172 763 affirmatione
1194 698 1303 782 proba-

168 811 237 869 tam.
273 805 400 868 Thomas
415 807 554 890 Bastiglia
579 825 617 868 ex
641 805 811 886 cooppid0‚
834 823 851 865 a
877 802 959 868 iiiii
982 805 1084 866 relicta
1107 821 1214 883 uxore,
1239 823 1302 868 curn

169 905 432 984 ilariaBonarelli‚
455 927 532 990 quae
556 927 643 972 snum
666 913 756 970 etiam
779 911 876 968 virum
899 908 1042 984 deseruit,
1067 907 1302 970 adhustm'acum

169 1017 334 1074 exercitum
347 1011 479 1076 Mutinae
503 1019 640 1092 primum,
665 1011 774 1073 deinde
790 1011 847 1072 alic
870 1027 904 1072 se
920 1011 1057 1088 contulit,
1080 1012 1303 1090 copo-dinarium

168 1117 247 1176 inter
269 1113 377 1177 milites
401 1123 512 1180 mutato
542 1115 597 1178 sibi
622 1119 742 1177 numine
769 1131 879 1196 agens,
909 1118 953 1174 sic
976 1115 1129 1178 esculenta
1158 1121 1241 1178 cocta
1270 1135 1306 1178 ac

168 1221 267 1296 parata
289 1217 491 1284 venditando.
522 1219 620 1281 donec
642 1221 793 1280 exercitus
814 1221 853 1278 tis
875 1221 960 1279 annis
983 1219 1012 1276 in
1036 1216 1178 1278 ditionem
1202 1218 1306 1278 ecole-

168 1323 315 1382 stasticam
338 1327 432 1400 venit,
456 1339 515 1403 qrro
540 1329 672 1402 tempore
695 1321 824 1383 Thomas
845 1321 977 1382 Mutinae
1000 1337 1033 1380 se
1056 1324 1211 1384 continuit.

252 1425 342 1500 Anpo
369 1419 464 1488 itii.
490 1431 623 1488 remeato
645 1425 714 1486 hinc
737 1424 887 1498 exercitu,
919 1423 996 1502 apud
1019 1422 1181 1484 Sardorum
1205 1429 1305 1504 copias

168 1543 233 1588 cum
264 1529 370 1590 eadem
400 1527 521 1590 vivendi
553 1533 668 1590 ratione
699 1527 788 1588 rediit
811 1527 946 1588 Thomas.
992 1524 1144 1605 Sequente
1174 1541 1253 1587 anno
1274 1531 1305 1586 in

168 1627 336 1708 parochiam
360 1629 388 1694 S.
411 1630 537 1692 loannis
560 1629 709 1710 Baptistae
733 1629 828 1692 Villae
850 1627 966 1690 lloieae
983 1627 1125 1710 Regiens.
1150 1627 1306 1690 Dioecests

167 1749 200 1792 sc
229 1739 345 1813 recepit
374 1752 440 1794 cum
473 1733 578 1795 eadem
602 1729 693 1794 Maria
716 1731 879 1809 Bonarelll‚
912 1748 989 1810 quae
1011 1747 1038 1790 a.
1064 1727 1147 1791 titii
1175 1731 1216 1790 ibi
1249 1731 1307 1792 de—

167 1835 267 1898 functa
291 1841 345 1896 cst.
391 1833 467 1897 illuc
491 1837 577 1916 paulo
606 1843 675 1916 post
703 1841 734 1897 in
758 1840 881 1916 pluriam
905 1836 1078 1915 remigravit
1101 1839 1132 1893 et
1159 1832 1190 1893 in
1214 1851 1307 1913 paru-

165 1935 266 1999 rochia
280 1937 318 2001 S.
342 1935 465 2018 Philippi
489 1944 520 2000 et
539 1939 643 2002 irrccbl
665 1939 811 2015 Tuticani,
837 1937 925 2000 uillae
947 1935 1030 1998 Gadii
1055 1936 1092 1996 de
1115 1936 1205 1998 Plano
1228 1955 1308 1999 cun-

166 2043 302 2116 termina,
328 2039 355 2104 d.
381 2039 431 2104 bt.
454 2041 587 2104 ianuarii
613 2041 696 2105 1760
719 2041 800 2103 obiit.

250 2143 357 2212 Secum
381 2162 398 2206 e
419 2163 472 2208 sua
495 2149 740 2227 peregrinatione
771 2149 900 2205 traxerat
924 2141 1053 2204 Thomas
1083 2140 1158 2203 hanc
1181 2141 1307 2204 hieriam

165 2245 369 2327 catharinam,
405 2249 443 2310 de
466 2267 523 2328 qua
546 2265 647 2310 sermo
670 2254 730 2324 esi,
763 2251 832 2308 tunc
863 2249 969 2307 aetatis
992 2261 1136 2307 annorum
1159 2250 1305 2326 qrrinque.

164 2345 235 2412 Eam
265 2349 426 2432 puellulam
448 2351 620 2434 parentibus
651 2351 801 2429 orbatam,
833 2355 999 2430 reperiam,
1031 2363 1092 2408 non
1122 2362 1195 2412 reru
1218 2367 1305 2411 suam

163 2451 252 2516 illlam
274 2454 357 2517 dixit.
403 2453 492 2517 Suam
517 2459 613 2516 tanum
639 2458 770 2515 moriens
794 2453 948 2533 prolessus
970 2458 1033 2529 est,
1065 2457 1154 2531 atque
1177 2451 1215 2512 ab
1237 2450 1307 2512 aliis

163 2550 231 2618 fiilis
261 2561 302 2618 uti
330 2574 414 2620 suam
444 2555 546 2618 haberi
571 2557 677 2638 jussit,
714 2555 785 2618 nihil
813 2571 913 2636 neque
936 2555 973 2615 de
1003 2554 1087 2631 loco,
1120 2554 1169 2614 ubi
1202 2561 1306 2616 orium

162 2657 306 2738 habuerit,
331 2675 430 2741 neque
453 2661 491 2721 dc
514 2661 579 2741 ejus
589 2659 737 2740 baptismo
757 2659 869 2721 dicens.
914 2657 1005 2720 Maria
1022 2657 1178 2720 Catharina
1202 2664 1306 2720 autern

162 2761 332 2825 christianis
360 2780 479 2843 semper
498 2763 633 2850 moribus
656 2769 732 2824 vixit
754 2769 785 2822 et
811 2763 847 2825 ad
869 2761 1129 2825 sacramentorum
1161 2779 1306 2822 cummu-

159 2867 283 2928 nionem
305 2861 459 2945 usquead
482 2883 593 2928 annum
618 2860 699 2928 1757
722 2865 851 2928 admissa
874 2871 928 2928 est.

246 2967 507 3030 Eminentissimus
525 2969 624 3030 Abhas
640 2969 916 3030 Curnmendaiarius
940 2973 1073 3052 rogetus,
1097 2967 1165 3028 iacti
1190 2971 1304 3028 seriem

161 3073 328 3147 expositam
357 3069 546 3150 comprobat,
578 3075 669 3152 atque
697 3075 728 3132 in
752 3089 786 3132 ea
809 3075 957 3133 sententia
987 3077 1049 3144 est,
1081 3075 1114 3131 ut
1136 3071 1306 3150 baptismus

160 3169 216 3232 sub
239 3169 410 3234 conditione
432 3175 461 3234 el
485 3171 666 3236 conferatur.
710 3173 854 3236 Possibile
877 3179 957 3235 enim
980 3189 1041 3235 non
1062 3185 1132 3234 esse
1155 3172 1305 3253 affirmat,

160 3279 193 3334 ut
214 3271 252 3334 de
274 3273 383 3336 collato
405 3281 492 3337 antea
515 3273 662 3356 baptismo
689 3276 823 3356 probatio
846 3277 948 3340 haberi
973 3283 1084 3356 posset.
1128 3275 1202 3340 Sine
1225 3277 1307 3357 bap-

159 3381 249 3440 tismo
272 3379 328 3440 alia
350 3377 541 3442 Sacramenta
564 3383 657 3460 recipi
679 3393 740 3442 non
764 3395 854 3459 posse
876 3386 991 3441 cerium
1010 3385 1074 3455 cst;
1096 3384 1304 3442 certissimum

159 3486 259 3543 autem
281 3485 388 3560 etiarn,
412 3483 588 3563 baptismum
612 3487 712 3544 iterari
743 3499 802 3545 non
832 3499 928 3563 posse.
971 3483 1008 3544 ln
1031 3482 1141 3545 Rbaali
1162 3481 1305 3545 Romanu

109 3603 114 3611 ·
158 3583 278 3648 additur
311 3590 352 3651 tii.
388 3585 426 3648 de
456 3586 609 3668 baptism:
642 3585 727 3664 „liae
756 3591 853 3648 tamen
886 3559 1078 3650 cohditiunali
1110 3585 1206 3650 forma
1242 3604 1305 3649 non

158 3691 269 3768 passim
291 3695 343 3752 aui
370 3689 477 3754 leviter
500 3695 542 3754 uti
564 3691 649 3770 licet,
678 3689 732 3752 sed
754 3689 918 3770 prudenter
939 3695 969 3751 et
1000 3689 1050 3752 ubi
1078 3706 1112 3750 re
1135 3689 1306 3774 diligenter

159 3795 359 3874 pervestigata
397 3793 558 3873 probabilis
599 3792 702 3856 subest
737 3791 882 3854 dubitatio
920 3793 1063 3855 infantem
1104 3810 1165 3854 non
1204 3787 1303 3856 luisse

158 3891 349 3972 baptizatum.
391 3895 626 3979 Ambiguiiaiem
662 3902 762 3958 autem
796 3895 860 3959 tottt
899 3914 939 3957 ex
961 3895 1029 3958 uoti
1065 3899 1303 3960 circumstantiis

159 3993 277 4062 censui
298 3995 457 4087 innocent.
482 3999 531 4061 tlt.
561 4003 592 4060 in
623 4015 685 4080 cap.
711 3997 842 4062 Veniens
869 3999 909 4062 de
939 3989 1036 4079 presb.
1066 4011 1129 4063 nort
1161 3999 1303 4083 bapuz.“
