2746 4646
320 255 357 309 tte
375 251 560 324 impedimentis
579 255 764 306 matrimonium
783 252 964 306 dirimentibus.
1150 235 1209 304 131

592 419 619 488 ς.
643 405 694 474 36.

334 543 380 612 ti.
417 545 454 612 oa
474 543 658 632 inpedimento
677 541 842 630 disparitatis
862 544 955 610 cultus.

162 683 174 744 l
198 683 301 746 Cultus
323 683 481 764 disparitas
510 687 556 746 est
585 680 830 764 impedimentum
863 680 1008 744 dirimens
1031 684 1213 744 matrimonii

72 790 154 852 inter
176 786 356 866 baptizatum
387 793 418 852 et
447 786 726 868 nou-baptizatum
756 784 881 864 perinde
904 789 966 862 est,
998 803 1037 846 an
1067 785 1117 848 illa
1146 797 1214 865 pers

72 888 222 970 baptizata
245 891 284 948 sit
305 888 474 964 Catholici,
506 887 668 966 haeretica,
701 893 834 968 apostata
857 893 925 964 ete,
960 887 1047 950 modo
1071 892 1109 950 sit
1139 905 1212 950 vere

73 991 239 1072 baptizata;
263 995 374 1068 pariter
395 990 469 1054 ninii
491 991 593 1068 refert,
618 994 682 1054 sive
704 1008 771 1070 pars
794 1009 855 1054 non
877 991 1023 1070 baptizata
1041 989 1216 1070 profiteatur

74 1094 166 1156 iidem
189 1110 301 1169 veram,
334 1097 398 1156 sive
427 1111 505 1172 non,
539 1093 627 1158 modo
658 1111 731 1156 vere
759 1111 814 1158 seu
846 1093 944 1156 valide
974 1095 1122 1173 baptizata
1154 1111 1215 1156 non

74 1203 131 1272 sit;
156 1203 246 1278 atque
268 1193 338 1257 hinc
362 1196 476 1258 nullum
500 1201 546 1259 est
568 1201 809 1276 matrimonium,
840 1195 919 1277 qnod
948 1196 1116 1260 haereticus
1139 1197 1216 1277 bap·

76 1306 187 1363 tizatus
210 1297 401 1364 contraheret
423 1318 490 1361 curu
514 1299 640 1378 iudaea,
671 1302 720 1361 vei
747 1301 804 1364 alia
841 1305 924 1380 parte
955 1317 1015 1362 non
1050 1299 1215 1380 baptizata,

75 1408 150 1464 item
171 1403 259 1478 illud,
291 1401 371 1482 quod
401 1399 569 1464 Catholicus
600 1407 701 1481 iniret,
731 1421 799 1465 oum
822 1401 1045 1482 catechumena,
1076 1408 1127 1464 aut
1149 1402 1213 1481 illa,
1276 1475 1282 1492 ι

77 1524 157 1588 quae
180 1509 349 1590 ignorantia
369 1505 508 1586 baptismi
531 1504 629 1567 valide
652 1505 751 1568 collati
781 1502 935 1580 laborati)

166 1608 201 1671 ii.
225 1607 347 1688 Pariter,
360 1627 406 1688 „ac
429 1611 616 1669 matrimonia
647 1611 726 1668 iuter
758 1607 935 1673 catholicum
965 1614 996 1670 et
1019 1605 1216 1687 haereticum,

78 1719 109 1774 et
137 1711 258 1794 quidem
289 1711 465 1792 plerumque
489 1710 527 1771 de
557 1709 674 1774 fortiori
706 1714 894 1772 matrimonia
930 1713 1009 1772 inter
1040 1709 1158 1772 fidelem
1188 1714 1219 1770 et

75 1815 232 1878 infidelem
255 1815 457 1876 illicitusuut
480 1813 611 1895 exlege
634 1813 758 1878 naturali
783 1832 818 1876 ao
847 1813 958 1893 divina,
989 1817 1048 1876 nisi
1077 1813 1156 1876 iorte
1186 1814 1218 1884 ip

77 1936 155 1982 casu
177 1917 347 1999 particulari
369 1915 558 1980 incommoda
583 1917 635 1978 tali
658 1918 800 1999 conjugio
830 1914 968 1998 adjuncta
991 1915 1096 1996 procui
1118 1919 1220 1982 essent

76 2026 205 2084 remota.
250 2019 336 2081 irrita
357 2025 458 2081 autom
480 2036 516 2081 ea
540 2036 601 2081 non
624 2025 694 2081 sunt
725 2037 823 2099 neque
847 2037 886 2082 ex
904 2020 976 2101 jure
997 2017 1134 2096 naturali,
1160 2034 1219 2080 ne-

76 2141 139 2204 que
158 2123 229 2203 jure
252 2125 381 2202 positivo
405 2120 523 2197 divino;
544 2139 607 2182 oon
630 2140 670 2182 eac
692 2123 757 2202 icpe
779 2124 932 2198 naturali,
964 2126 1032 2203 quia
1063 2121 1220 2202 disparitas

77 2227 181 2290 cultus
204 2225 345 2306 relinquit
367 2228 483 2303 omnia,
514 2241 591 2304 quae
621 2228 811 2288 matrimonio
845 2243 885 2286 ex
916 2225 1113 2305 dispositione
1142 2224 1220 2306 legis

77 2327 227 2392 naturalis
250 2333 319 2390 suut
348 2327 536 2400 essentialia3
572 2343 640 2388 narn
674 2343 713 2388 ex
743 2330 794 2390 tali
822 2329 965 2410 conjugio
999 2325 1099 2406 proles
1137 2329 1220 2388 nasci

80 2437 203 2514 potest,
238 2437 268 2490 ct
290 2433 404 2492 institui
428 2433 517 2490 etiam
547 2433 579 2490 in
606 2429 772 2511 religione,
802 2431 873 2492 licet
902 2429 1072 2506 diiiioilius,
1103 2433 1134 2490 et
1161 2428 1221 2492 ali-

78 2533 204 2618 quando
227 2531 371 2594 accedere
394 2536 503 2611 potest,
527 2537 560 2593 nt
582 2537 741 2594 nonetiaru
754 2533 938 2611 impediatur
954 2532 1016 2594 ulio
1036 2529 1125 2596 modo
1142 2529 1217 2594 edu·

78 2640 174 2714 catio,
195 2651 295 2716 neque
318 2651 377 2714 pax
399 2631 489 2714 etc.²)
518 2639 549 2695 et
575 2635 643 2698 ideo
672 2641 808 2715 tempore
830 2635 908 2718 legis
939 2634 1102 2707 naturalis,
1132 2638 1223 2695 ante-

79 2756 172 2819 quam
197 2738 296 2821 legcm
319 2737 450 2800 divinam
473 2741 644 2818 acceperint
665 2741 698 2800 in
720 2743 821 2800 moute
844 2737 938 2815 Sinai,
965 2735 1070 2814 Jacob,
1094 2734 1220 2816 ioseph,

78 2841 206 2922 Moyses
236 2843 458 2901 matrimonium
487 2857 554 2900 oum
584 2839 760 2902 mulieribus
789 2839 959 2903 infidelibus
986 2833 1222 2918 contraxerunt,

79 2963 148 3007 noo
168 2963 210 3005 ec
232 2944 296 3024 lcpe
324 2944 431 3006 divina
460 2943 619 3022 positiva,
643 2948 776 3024 —quia
808 2943 942 3008 Christus
970 2947 1002 3005 iu
1031 2944 1223 3006 matrimonio

81 3048 126 3110 nii
149 3049 333 3124 immutavit,
366 3042 447 3124 quod
477 3042 514 3105 ad
538 3045 591 3126 jus
615 3051 737 3109 naturae
766 3050 913 3126 pertinet,
949 3044 1004 3108 sed
1034 3048 1149 3108 tantum
1181 3043 1223 3121 id,

80 3149 166 3232 quod
189 3153 380 3226 contractus,
410 3151 461 3228 qui
479 3147 542 3228 J'am
565 3148 708 3210 naturalis
731 3155 811 3228 erat,
844 3148 974 3212 elevavit
1003 3145 1041 3209 ad
1074 3165 1142 3212 esso
1165 3146 1225 3212 Sa·

81 3249 270 3329 oramenti.³)
315 3247 400 3312 Unde
422 3248 620 3330 conciuditur,
644 3254 867 3314 matrimonium
898 3251 937 3313 ob
966 3249 1064 3316 cultus
1093 3248 1224 3328 dispari-

81 3362 176 3419 tatem
200 3374 240 3418 ec
255 3353 331 3430 jure
353 3359 472 3416 tuntum
493 3351 715 3417 Ecclesiastico
737 3358 857 3416 irritum
880 3370 959 3432 esse,
996 3357 1027 3413 et
1049 3351 1106 3418 lroc
1129 3355 1226 3435 magis

110 3595 134 3660 ¹)
151 3593 232 3655 Desa,
250 3590 282 3643 ds
300 3594 407 3646 matrim.
425 3607 451 3643 n.
469 3591 511 3644 84.
543 3589 616 3644 Gonia
635 3607 686 3644 css.
705 3590 792 3644 iiiiii.

55 3675 59 3679 ’
109 3682 134 3746 ²)
152 3678 272 3731 Belinrm.
290 3678 323 3730 de
340 3679 450 3729 matrim.
468 3693 490 3728 c.
509 3677 550 3730 23.

110 3767 137 3832 ³)
155 3764 278 3820 Sanctius.
297 3763 341 3816 lib.
359 3767 383 3817 7.
402 3763 465 3832 disp.
484 3763 525 3815 71.
543 3779 568 3815 n.
588 3765 612 3815 7.
647 3761 711 3812 ilinc
728 3763 802 3812 etiam
821 3761 888 3811 iuter
904 3756 1059 3809 Christianos
1076 3756 1127 3807 tale
1139 3757 1229 3810 matri-

145 3853 269 3904 monium
287 3851 411 3902 connexit
428 3850 452 3903 S.
471 3847 580 3901 Caecilia
598 3863 655 3900 curn
666 3847 800 3898 Valeriano
809 3845 926 3908 Ethnico,
944 3844 972 3894 S.
983 3841 1081 3894 lionica
1099 3857 1156 3893 enm
1174 3843 1229 3894 viro

155 3937 251 4006 gentili,
271 3935 401 3988 Chlotildis
420 3952 477 3988 cnm
493 3933 639 3988 cnioioveo
666 3941 726 3984 tunc
746 3931 865 3998 Ethnico,
882 3928 1029 3998 Edelburga
1047 3943 1104 3980 cum
1121 3925 1231 3993 Eduino,

157 4039 217 4092 rege
234 4021 377 4092 Anglornm
394 4029 419 4072 et
437 4019 488 4074 ulit.
600 4055 604 4064 ·

982 4095 1021 4165 9*
