2736 4660
168 149 239 230 am
651 177 844 240 normulatim.

175 338 270 422 gradu
292 355 326 400 se
347 341 478 405 invicem
500 341 630 400 attinere
655 339 753 402 lineae
777 345 980 420 transversae,
1010 361 1070 406 non
1093 341 1216 424 quidem
1239 363 1305 426 pee-

176 440 263 506 cundl
286 440 353 504 dun
376 458 477 522 opera,
503 446 534 502 ut
556 444 683 502 crimine
702 440 834 506 adtulisse
857 443 932 506 haec
954 463 1044 508 causa
1067 447 1146 508 loret
1169 446 1305 510 Clemen-

177 547 249 606 tiam
274 541 470 606 Vestram'ad
494 546 619 626 gratiam
642 561 717 626 ergo
739 547 820 624 ipsos
832 546 995 610 faciliorem
1010 547 1165 626 reddendi,
1191 550 1306 612 insimul

174 650 356 726 conversati,
380 664 475 728 seque
498 658 541 724 tr.
565 653 610 730 g)
633 643 796 710 deosculati
820 656 903 725 sunt;
933 652 1044 714 carnali
1075 659 1173 714 lamen
1206 654 1305 732 copula
1341 705 1344 711 .

175 752 256 812 inter
278 765 331 813 eos
355 753 478 812 minime
509 749 683 826 subsecuta3
713 757 743 812 et
771 749 965 816 nihilominus
993 760 1057 816 orta
1088 759 1134 816 est
1165 760 1303 837 suspicio,

175 852 245 914 licet
267 852 360 931 salsa,
390 853 469 934 quod
492 857 549 934 ipsi
571 852 712 918 Oratores
735 871 769 916 se
791 856 950 918 carnaliter
980 863 1190 939 cognoverint.
1238 858 1305 922 Cum

173 960 273 1016 autem
297 960 457 1036 praemissa
480 953 758 1034 polinensium,
781 964 812 1018 et
834 963 890 1022 nisi
914 963 1135 1024 matrimonium
1159 966 1242 1024 inter
1257 981 1305 1026 eos

173 1059 362 1124 contrahatur
390 1057 468 1120 diota
497 1056 616 1120 Orairix
644 1063 777 1141 graviier
809 1059 957 1124 dillamata
991 1069 1021 1124 ei
1050 1067 1173 1144 innupta
1206 1082 1304 1126 rema-

175 1167 278 1242 neret,
309 1161 472 1246 grarlaqua
495 1160 604 1224 exinde
633 1162 769 1224 scandula
793 1170 917 1244 possent
951 1166 1154 1228 uerisimiliter
1184 1171 1304 1240 exoriri,

171 1271 295 1346 cupiunt
317 1274 372 1333 otc.
397 1271 429 1328 ut
452 1270 481 1330 in
505 1264 631 1330 formula
654 1270 757 1344 prium.

171 1478 203 1546 a)
221 1475 386 1538 normula
408 1474 550 1552 petendi
572 1473 869 1548 dispensationem
891 1493 934 1538 ex
960 1493 1066 1539 eausa
1091 1478 1304 1538 matrimonii

503 1560 596 1620 bona
613 1557 681 1618 fide
697 1560 770 1636 jram
789 1563 966 1624 contracti.

257 1692 520 1758 Reuerendlssime
544 1697 696 1771 utsupra.

257 1797 424 1877 Exponitur
447 1843 453 1856 .
478 1843 484 1858 .
511 1839 517 1854 .
543 1841 549 1858 .
573 1794 653 1874 quod
676 1799 732 1875 ipsi
756 1796 831 1858 alias
854 1802 1028 1879 ignorantes
1057 1799 1178 1879 aliquod
1204 1805 1302 1880 impe-

171 1898 335 1976 dimentum
357 1905 435 1962 inter
457 1915 512 1962 eos
535 1902 682 1974 existere,
707 1902 867 1978 quominus
892 1907 1013 1979 possent
1036 1905 1164 1964 invicem
1198 1908 1302 1966 mairi-

165 1994 340 2066 'monialiter
362 2002 505 2082 copulari,
529 2005 748 2062 matrimonium
769 2007 849 2064 inter
880 2019 913 2064 se
943 2022 995 2082 per
1026 2004 1114 2066 rerba
1147 2007 1184 2066 de
1214 2025 1301 2086 prae-

170 2109 247 2168 senti
270 2105 387 2186 publice
411 2106 496 2171 lactis
518 2104 801 2184 proclamationibus
823 2111 853 2168 in
869 2123 972 2171 eorum
992 2105 1152 2186 parochiali
1163 2109 1298 2184 ecelesia,

167 2209 252 2289 juxta
284 2207 408 2270 lormarn
432 2209 523 2272 Cone.
547 2206 635 2286 'luid,
664 2207 804 2288 nulloque
833 2208 968 2287 detecto,
1000 2228 1099 2291 nequa
1127 2211 1300 2274 denuntiato

171 2311 386 2394 impedimento
409 2316 633 2388 colitianorum,
665 2308 797 2390 illudque
821 2315 851 2389 in
873 2310 951 2374 facie
973 2311 1126 2376 Ecclesiae
1155 2315 1300 2377 solemni-

169 2421 284 2494 zarent,
309 2422 339 2475 et
362 2414 472 2478 carnali
502 2414 607 2495 copula
640 2421 891 2476 consummarunt.
942 2414 1133 2478 Postmodum
1163 2436 1239 2480 vero
1267 2418 1299 2478 ad

170 2537 274 2582 eorum
305 2523 442 2599 pervenit
471 2521 594 2588 notitia,
628 2534 682 2578 eos
712 2521 802 2580 tertio
832 2524 862 2578 at
884 2523 990 2598 quartu
1019 2517 1214 2582 a'oornnmni
1246 2526 1299 2582 sti-

136 2607 140 2616 ’
170 2626 231 2702 pite
253 2622 499 2702 provenientibus
522 2624 791 2702 consanguinitatis
814 2619 955 2703 gradihus
977 2626 1107 2684 invicem
1131 2641 1200 2686 esse
1226 2643 1300 2686 con-

165 2726 297 2806 junctos
328 2723 549 2806 propterquod
573 2723 721 2784 acarnali
753 2723 858 2804 copula
887 2723 1055 2805 hujusmodi
1085 2727 1297 2804 abstinuerunt,

168 2833 249 2905 (sive
290 2835 320 2889 et
359 2826 551 2890 nihilominus
586 2830 614 2886 in
646 2827 749 2888 eadem
784 2826 893 2888 carnali
938 2827 1042 2906 copula
1078 2832 1296 2910 perstiterunt.)

80 2987 96 2996 ..
170 2931 363 3010 Carrinatem,
386 2929 794 3004 ReverendissimeDomine,
818 2927 960 2992 Oratores
983 2929 1126 3010 praedicti
1149 2930 1297 3013 inhujus·

168 3034 248 3097 modi
277 3037 466 3097 matrimonio
496 3049 652 3096 remancre
683 3048 742 3094 non
777 3037 893 3112 possint
923 3033 1035 3114 absque
1066 3033 1294 3114 dispensatione,

167 3145 207 3218 el,
230 3141 256 3201 si
279 3141 428 3217 separatio
451 3141 606 3198 intereos
630 3134 724 3212 lueret,
749 3138 853 3218 gravio
877 3136 986 3200 exinde
1016 3137 1154 3200 scandala
1176 3141 1295 3218 possent

167 3245 252 3318 oriri,
274 3240 457 3324 supplicant,
480 3241 513 3299 ut
535 3236 611 3320 legis
635 3237 857 3302 ecclesiasticae
890 3244 974 3303 venia
999 3245 1043 3320 eis
1067 3223 1294 3304 clementissima

168 3345 245 3422 data,
269 3351 326 3409 eto.
350 3351 503 3422 utsupra,
529 3338 654 3402 formula
671 3339 738 3402 2da.

165 3569 378 3644 triennale
401 3564 543 3642 petendi
565 3564 861 3640 dispensationem
884 3583 927 3629 ex
954 3585 1059 3629 eausa
1083 3525 1290 3630 matrimonii

425 3654 499 3730 jam
515 3653 695 3728 connecti,
713 3654 806 3714 mala
822 3657 941 3715 tamen
960 3655 1036 3718 fide.
1148 3671 1150 3676 ·

228 3796 514 3863 .ltaverendissime
535 3815 571 3860 ac
593 3795 830 3862 elementissimo
852 3798 887 3862 D.
911 3799 946 3862 l).
969 3797 1133 3880 Episcopei

249 3901 416 3988 Exponltur
437 3899 589 3962 humiliter
616 3899 730 3964 Revriuo
757 3907 788 3962 et
817 3901 1055 3964 elementissimo
1086 3901 1121 3964 l).
1147 3901 1181 3964 ii.
1205 3897 1288 3982 Epis-
