2736 4660
163 169 227 241 eti
583 187 665 244 cuna·
683 189 890 243 mammonam.

162 363 297 430 suaeque
319 345 449 410 tamillae
471 346 596 427 decori,
619 365 709 428 quem
731 346 788 410 suh
810 362 864 427 spe
887 346 979 408 futuri
1002 349 1189 408 matrimonii
1214 345 1309 408 sihia

163 452 286 526 Quirino
304 453 442 532 promissi
465 454 598 534 graviter
613 449 751 524 laeserat,
774 466 809 510 ea
829 449 957 527 meliori,
977 467 1034 529 qua
1053 455 1167 528 posset,
1190 453 1309 512 ratione

163 553 348 632 consuleret,
381 551 509 614 eundern
541 552 696 627 Quirinum
728 569 827 618 coram
855 550 1003 633 Episcopo
1034 556 1065 612 in
1092 553 1145 634 jus
1175 555 1308 628 vocant,

135 657 136 660 ’
162 657 359 738 absolutoque
380 655 526 718 adversus
538 652 692 728 Quirinum
710 673 853 736 processu
871 658 1046 717 seutentiam
1066 655 1210 730 obtinuit,
1234 673 1311 716 coo-

163 765 242 822 stare
264 760 303 821 de
325 758 522 840 sponsalibus,
547 765 577 819 et
599 765 821 838 consequenter
841 757 996 831 Quirinum
1021 762 1117 818 teneri
1138 757 1181 820 ad
1202 761 1311 820 matri-

162 866 295 926 monium
317 880 386 924 cum
408 861 493 924 Clara
517 859 761 923 contrahendum.
785 891 793 922 ι
819 906 825 920 .
850 907 857 921 .

248 963 295 1028 hu
317 963 537 1045 impediendam
553 962 643 1045 hujus
666 969 837 1026 sententiae
851 964 1063 1025 executionem
1081 961 1230 1036 Quirinus
1253 982 1312 1024 ex-

164 1067 252 1149 cipit,
284 1084 318 1129 sc
341 1071 442 1144 antea,
471 1064 522 1130 23.
547 1065 622 1132 uov.
649 1065 746 1140 1735,
778 1069 998 1129 matrimonium
1022 1083 1089 1128 cum
1112 1065 1172 1128 alia
1198 1066 1311 1146 puella,

163 1168 319 1234 catharina
351 1167 480 1247 Lallich,
512 1187 613 1232 coram
646 1167 767 1231 vicario
797 1167 937 1230 Generali
966 1174 998 1229 et
1028 1168 1145 1231 duobus
1180 1170 1311 1231 testibus

163 1277 357 1336 contraxisse.
402 1271 523 1336 Vicario
552 1271 585 1336 G.
618 1280 734 1346 tameo,
769 1287 856 1350 quem
885 1269 990 1333 dolose
1018 1272 1312 1348 circumveniebant,

162 1379 347 1456 increpante,
373 1381 568 1456 protestante,
592 1381 696 1458 sicque
710 1374 876 1449 allectante,
901 1391 934 1435 se
950 1385 1010 1436 non
1032 1374 1209 1458 intelligere
1234 1393 1311 1438 con-

163 1493 285 1540 sensum
308 1477 506 1554 declaratum,
540 1484 628 1559 prout
650 1497 756 1540 revera
779 1482 810 1538 in
833 1477 882 1537 tali
914 1477 1091 1538 reluctantia
1122 1495 1310 1542 consensuro

163 1597 224 1642 non
246 1581 414 1658 intellexit,
449 1597 549 1662 neque
573 1588 662 1644 ctiam
687 1587 818 1644 mutuom
851 1597 992 1642 manuum
1017 1579 1250 1644 obstrictionem
1274 1582 1310 1645 oh

163 1683 328 1745 mensulam
351 1684 561 1747 intermediam
594 1702 655 1747 nou
677 1684 769 1762 vidit,
799 1686 991 1765 quantumvis
1021 1681 1132 1764 aliquid
1156 1683 1308 1763 diceutes,

165 1783 391 1868 genuflectente
414 1784 583 1865 Catharina,
607 1787 697 1850 etad
720 1804 819 1870 genua
841 1803 937 1868 prono
961 1783 1087 1857 Quirine
1111 1787 1310 1849 aninmdver-

163 1893 244 1965 ierit,
269 1889 390 1950 dicens:
414 1887 482 1950 Noli
505 1888 619 1966 audire,
645 1889 779 1971 nihilque
800 1895 848 1950 eet
871 1893 1043 1950 contractus
1066 1891 1310 1967 matrimonialis,
1357 1905 1358 1928 ¹

162 1993 475 2070 atque'turplssimus,
501 1998 559 2052 cic.
604 1992 693 2054 Coria
716 1991 902 2072 Episcopalis
923 1995 1148 2072 pronuntiavit,
1172 2010 1208 2052 rc
1231 2010 1310 2054 exa-

162 2098 282 2170 minata,
306 2111 361 2173 pro
383 2092 536 2155 validitate
560 2097 742 2173 matrimonii
764 2098 845 2156 inter
866 2092 1022 2167 Quirinum
1046 2099 1076 2155 et
1099 2093 1310 2169 catharinam

162 2195 214 2258 sed
238 2193 322 2257 Clam
344 2213 499 2258 recursum
522 2195 625 2259 hahuit
646 2197 683 2258 ad
706 2195 735 2260 S.
760 2196 792 2258 G.
816 2193 860 2276 c,
883 2214 960 2276 quae
983 2197 1033 2258 die
1059 2194 1107 2259 17.
1130 2195 1210 2260 Neu.
1227 2195 1309 2262 1736

161 2297 199 2360 ad
221 2298 358 2374 dubium,
391 2316 428 2362 an
451 2305 572 2361 constet
601 2298 639 2360 de
672 2297 824 2361 validitate
854 2303 1035 2362 matrimonii
1064 2303 1096 2360 iu
1124 2317 1219 2376 casu,
1250 2307 1306 2363 etc.

163 2399 332 2481 respondit:
358 2400 644 2482 „Al'lirmative“¹).

250 2503 288 2580 2)
311 2502 448 2566 llocvius
469 2510 501 2567 et
522 2504 630 2584 Beria,
654 2505 792 2568 volentes
814 2506 892 2568 inter
914 2521 949 2566 se
971 2511 1090 2567 secreto
1114 2505 1306 2584 contrahere,

162 2625 180 2670 e
201 2611 323 2669 civitate
346 2607 498 2689 Tridenii,
528 2610 616 2691 eujus
638 2615 726 2672 erant
748 2613 847 2685 cives,
877 2605 1063 2669 domicilium
1087 2608 1307 2672 transtulerunt

161 2709 314 2772 inlocum
338 2721 397 2772 nou
419 2711 507 2772 valde
529 2719 690 2790 remotum,
715 2712 764 2774 uhi
787 2709 900 2772 Concil.
926 2709 1058 2773 Trident.
1081 2711 1304 2794 promulgatum

163 2829 224 2874 noo
246 2819 309 2891 est,
343 2830 380 2875 eo
403 2814 470 2877 solo
492 2820 608 2896 animo,
638 2821 671 2878 ui
693 2814 806 2894 absque
833 2811 971 2892 panmho¹
994 2818 1024 2872 ei
1046 2812 1174 2875 testibus
1198 2819 1307 2876 matri·

164 2919 297 2978 monium
320 2914 548 2997 contraherent,
573 2917 653 3000 quod
677 2923 710 2980 ci
730 2913 963 2990 contraxerunl;
992 2919 1162 2996 quaeritur,
1186 2935 1227 2982 an
1249 2936 1305 2978 va-

163 3017 223 3080 lide
245 3022 451 3080 contraxerint
474 3025 704 3083 matrimonium.
820 3087 825 3094 ,
1015 3011 1018 3016 ’
1110 3069 1114 3072 .

248 3120 338 3201 ltesp.
371 3121 570 3201 affirmative.
610 3123 696 3186 ltaiio
727 3127 792 3198 est,
822 3125 911 3202 quia,
947 3125 1084 3202 quamvis
1106 3121 1248 3184 hlocvius
1277 3130 1306 3186 et

162 3227 249 3289 Beria
272 3229 305 3286 in
327 3242 395 3286 curn
419 3225 516 3286 lecum
539 3243 573 3286 se
599 3226 819 3302 transtulerint,
852 3223 902 3288 ubi
925 3223 1035 3286 Concil.
1060 3224 1139 3286 Trid.
1172 3245 1238 3288 non
1260 3233 1305 3289 est

163 3328 383 3411 promulgatum
407 3331 560 3407 praecise,
591 3334 623 3388 ut
644 3329 685 3389 ihi
708 3328 820 3406 absque
843 3326 970 3407 parocho
993 3333 1024 3388 et
1046 3327 1174 3390 testibus
1198 3335 1305 3392 mairi-

162 3436 296 3496 monium
318 3434 400 3490 inter
422 3447 456 3491 se
478 3428 704 3508 contraherent,
737 3428 834 3492 adhuc
857 3437 958 3491 tamen
985 3434 1016 3491 in
1039 3429 1168 3493 eundem
1193 3432 1303 3509 locum,

162 3542 195 3598 ut
224 3536 323 3612 inquii
357 3549 467 3610 casus,
507 3537 659 3612 proprium
690 3532 875 3596 domicilium
896 3533 1132 3597 transtulerunt.
1177 3535 1303 3608 Quando

163 3643 263 3702 autem
286 3639 334 3698 vir
357 3641 387 3696 et
410 3634 517 3696 mulier
539 3633 648 3697 hahent
670 3641 700 3698 in
723 3635 792 3700 loco
816 3635 1016 3714 domicilium,
1046 3637 1098 3726 vel
1118 3642 1149 3700 in
1172 3639 1302 3700 eundem

165 3737 437 3823 quasidomicihum
472 3741 645 3818 acquirunt,
676 3747 801 3820 possunt
832 3743 921 3802 eiiam
942 3739 1027 3820 juxta
1059 3739 1145 3823 teges
1168 3741 1301 3822 ejusdem

192 3978 214 4047 ¹)
231 3977 351 4032 Theseus.
370 3977 444 4032 rosel
461 3977 490 4031 0.
508 3977 630 4049 Segoem
647 3977 698 4032 vol.
718 3981 742 4032 i.
760 3995 786 4048 p.
803 3980 865 4044 2112,
882 3979 941 4034 281.
