2736 4660
478 261 559 320 onas
576 262 779 320 matrimonialem
1129 232 1193 312 345

57 411 228 482 menum,
258 406 370 488 absque
393 423 447 482 eo,
475 405 556 486 quoi
579 403 734 469 violantes
755 404 883 486 Jarnpba
913 405 952 466 ds
981 404 1041 466 1111
1062 401 1195 482 impar!-

58 517 160 572 mento
183 509 351 591 hujusmodi
375 517 545 588 moneatur,
574 523 632 570 nee
655 525 752 570 novus
774 508 911 589 ejusdam
935 505 1080 571 violantis
1102 505 1194 568 Josa-

58 612 134 691 pbaa
157 626 336 688 consonans,
360 615 477 675 etiamn
500 612 580 676 alind
602 612 846 692 impedimentum
869 607 1032 690 praetorum
1055 609 1094 672 aet
1115 609 1194 672 iiius

57 718 196 778 notitiam
227 720 385 796 pervenire
414 713 583 800 contingat,
618 720 794 798 requiratur.
846 711 985 788 (Sanatto
1016 711 1195 773 matrimonii

56 822 89 879 in
111 817 239 892 radiae).
370 840 372 850 ¹
1053 837 1054 840 ¹

144 921 301 984 Perventis
325 929 389 1003 post
418 921 492 984 haee
514 919 551 984 ad
573 921 683 983 Urbem
713 921 935 1001 probationibus
958 921 1058 983 missis
1078 935 1095 978 a
1118 915 1194 980 Vio-

58 1023 156 1101 iante,
190 1040 256 1086 eum
286 1023 417 1090 obstaret
442 1025 575 1088 clausula
606 1024 730 1087 mbtnto
760 1031 790 1086 et
819 1023 972 1086 demotum
1005 1023 1193 1084 irationem

56 1128 168 1192 littoris
209 1127 390 1210 Apostoliois
428 1131 579 1208 apposita,
621 1127 781 1207 postulavit
812 1125 968 1191 violantes
997 1143 1013 1186 a
1045 1123 1196 1186 Stantis-

56 1234 136 1294 simo
159 1232 295 1312 Principe
318 1229 430 1294 Nostro
451 1233 517 1293 oria
539 1233 757 1312 aperitionem,
786 1245 875 1310 qnam
899 1228 1027 1292 obtinuit
1056 1245 1090 1292 oa
1114 1229 1194 1310 iege,

56 1340 102 1409 ut,
126 1333 246 1396 silentio
270 1337 439 1414 praeteritis
459 1333 524 1396 aliis
548 1332 731 1396 nullitatibus
747 1335 929 1394 matrimonii
947 1333 1008 1412 jam
1034 1336 1195 1411 propositio

57 1441 90 1496 in
113 1435 171 1500 boo
201 1453 288 1500 sacro
311 1435 481 1512 tribunali,
510 1436 548 1498 de
578 1453 636 1498 una
664 1434 720 1499 hae
749 1442 891 1518 ageretur
927 1433 1061 1496 nullitate
1090 1439 1194 1496 matri-

56 1543 154 1601 monii
178 1544 322 1602 contracti
345 1555 412 1606 oum
432 1539 655 1622 dispensatione
667 1542 703 1602 ab
716 1539 932 1619 impartirnonto
947 1537 1095 1618 sinrplieir
1117 1553 1194 1600 oon-

56 1645 322 1725 sanguinitatis'in
345 1647 435 1708 tertio
466 1649 496 1704 et
519 1649 624 1726 quarto
647 1642 757 1726 grado,
791 1648 822 1704 et
844 1661 880 1704 an
902 1639 975 1704 illuri
998 1639 1194 1704 revniidatnm

56 1744 151 1806 suomi
173 1745 280 1808 litteris
302 1745 484 1827 Apostoiieis
506 1747 592 1810 ‘datis
618 1751 650 1810 in
680 1747 774 1808 torma
797 1745 925 1808 Perinde
947 1746 1060 1808 batere.
1099 1737 1194 1806 Causa

53 1851 160 1929 itaqua
192 1853 224 1910 in
256 1847 315 1911 boo
344 1854 422 1912 statu
457 1854 636 1932 proponitur
670 1848 977 1933 incongregatione
1011 1847 1108 1912 babitu
1146 1846 1195 1908 ire

53 1951 83 2012 7.
106 1947 189 2014 Junit
207 1951 298 2030 1715,
322 1959 353 2014 et
375 1953 506 2034 disputat
527 1953 690 2030 violantes
717 1952 830 2016 nntium
849 1958 939 2034 atque
961 1956 1078 2014 irritum
1101 1951 1201 2014 iurare

55 2059 279 2116 matrimonium
303 2059 384 2119 inter
410 2071 476 2120 eam
509 2062 540 2120 et
561 2055 743 2119 Ludovteum
767 2060 891 2132 initum,
924 2055 1063 2118 obstante
1085 2053 1195 2134 duplici

53 2156 269 2236 impedimento
300 2165 584 2244 consanguinitatis,
621 2159 701 2242 quod
729 2159 875 2222 sublatum
900 2175 959 2223 non
987 2159 1196 2238 1111111111-

53 2265 174 2324 satione
196 2262 380 2342 Apostotioa,
405 2279 481 2343 quae
502 2268 659 2344 impetrata
682 2261 780 2324 iuerat
792 2281 845 2344 pro
861 2265 986 2344 simptiet
1009 2262 1196 2345 111111111-
1218 2335 1219 2339 ,

51 2370 168 2444 nitate,
201 2371 266 2426 sivo
289 2383 328 2427 ex
356 2383 417 2428 uno
449 2368 541 2430 latore
570 2372 699 2440 tanturm
733 2366 859 2430 muare
888 2366 1036 2447 siquidum
1060 2365 1189 2432 Theola-

51 2485 165 2551 gornm
197 2474 229 2530 et
251 2469 477 2534 canonistarum
499 2474 638 2552 agmine,
669 2468 774 2550 prebui
805 2475 1005 2536 neeessariam
1035 2470 1129 2534 fuisse
1156 2468 1195 2530 ad

50 2570 240 2634 validitatem
259 2577 439 2636 matrimonii
462 2578 699 2653 expressionem,
722 2579 752 2634 et
768 2573 1023 2653 dispensationem
1046 2571 1083 2634 ab
1107 2579 1195 2635 utro-

50 2691 113 2752 que
135 2675 353 2755 impedimento
382 2679 653 2760 consanguinitatis
678 2680 711 2737 in
735 2679 824 2737 tertio
852 2682 883 2737 ot
905 2681 1011 2756 priario
1037 2675 1132 2758 gradu
1154 2689 1195 2736 nx

53 2781 188 2857 utroque
211 2777 314 2857 intere,
339 2784 463 2859 paterno
486 2781 600 2842 smueer
622 2785 653 2842 et
675 2785 818 2844 materno.
1125 2774 1151 2782 ”

145 2877 247 2964 Pergit
269 2887 379 2960 autern,
402 2881 482 2944 idom
505 2881 618 2944 nultum
636 2886 855 2946 matrimonium
872 2882 1040 2958 reanimati,
1063 2888 1095 2943 at
1116 2897 1195 2945 ooa-

52 2983 212 3044 vaieseere
236 3003 296 3046 non
314 2989 447 3064 potuisse
465 2984 571 3047 biteris
585 2984 767 3064 Apostoiiois
783 2987 859 3048 datis
874 2991 906 3048 in
925 2983 1020 3048 iorrna
1043 2986 1196 3064 „Partito
1244 3038 1250 3056 ,

51 3087 196 3160 volare‘t,
220 3085 268 3148 die
294 3085 341 3150 12.
356 3088 435 3168 Sept,
461 3109 487 3150 a.
515 3087 607 3166 tiitt,
632 3095 705 3166 turn,
731 3095 799 3168 quia
821 3090 1015 3170 subreptitiae
1038 3089 1197 3170 1111111·-

51 3193 141 3250 titiae
159 3193 238 3266 sunt,
251 3208 319 3250 oum
332 3190 454 3252 Summo
466 3189 599 3254 Pontifici
613 3183 790 3278 suggestum
805 3194 905 3272 suerit,
919 3193 1086 3256 violantem
1101 3199 1196 3277 igno-

54 3309 142 3354 rasse
156 3290 228 3352 ittud
243 3293 499 3374 impedimentum,
517 3295 636 3376 quando
651 3295 767 3377 plenam
785 3297 865 3360 iltius
882 3301 1037 3360 seientiam
1055 3297 1198 3359 habuerat

50 3415 69 3458 a
93 3394 329 3461 neasaiiartio
344 3395 485 3476 -ejmrten
509 3403 579 3464 rani
605 3399 704 3477 tiso,
738 3407 770 3462 ei
796 3405 840 3468 nio
861 3417 916 3465 sax
945 3398 1096 3467 neumas
1125 3403 1195 3459 ante

50 3498 141 3562 datan
163 3499 286 3577 litteras,
308 3503 369 3563 turn
387 3504 459 3580 quia
475 3498 626 3570 varanes
643 3507 831 3568 revocaverit
854 3502 1021 3568 inauditum
1036 3517 1194 3583 prootrne,

49 3619 115 3682 quo
143 3605 366 3667 matrimonium
389 3603 534 3668 zamran
561 3611 747 3672 monimntum
771 3606 843 3683 iuit,
875 3606 1023 3686 ideoque,
1053 3609 1195 3675 revocato

48 3721 224 3782 consensu,
255 3721 316 3770 non
340 3710 435 3786 possit
456 3707 627 3774 recontrans
650 3708 807 3785 solidatio,
837 3709 972 3774 obstante
995 3708 1115 3776 deiectu
1136 3726 1197 3777 ett-

49 3810 161 3882 trerni,
184 3809 214 3867 in
238 3824 297 3887 quo
320 3808 473 3872 fundetur.
513 3811 637 3873 Causam
661 3816 754 3895 igitur
775 3817 806 3874 in
831 3831 888 3874 una
911 3816 1087 3895 cognitione
1110 3817 1196 3892 posi-

50 3918 115 3978 tam
134 3927 217 3987 eise„
239 3929 277 3976 an
295 3908 449 3981 violantes
470 3919 541 3981 atrio
556 3913 640 3984 istm
662 3915 776 3983 litteras
791 3915 980 3996 apostolicas
993 3913 1196 3994 tarabann-

51 4020 119 4075 tum
143 4013 217 4076 iliud
246 4013 372 4095 duplicis
395 4016 508 4080 vinculi
529 4021 620 4081 sciret
643 4018 692 4080 vel
714 4022 877 4103 ignoraret.
922 4019 1092 4081 sarariam
1111 4036 1195 4082 suam
1255 4075 1259 4097 ,
