2746 4646
320 217 356 270 De
374 216 559 286 impedimentis
578 219 768 270 matrimonium
787 216 968 270 dirimentibus.
997 237 1004 248 “
1145 199 1205 268 129

68 381 164 439 virum
188 381 374 440 constantem
397 374 575 460 religionem
595 375 749 455 professus
772 380 827 453 esi,
852 374 918 438 talis
929 373 1076 456 professio
1099 393 1116 437 a
1138 373 1207 458 legs

68 479 271 543 ecclesiastica
292 483 435 556 irritatur,
460 496 559 560 neque
575 476 664 540 habel
679 477 818 542 effectum
837 482 897 540 voti
910 477 1051 541 solemnis
1062 476 1102 554 ¹);
1125 477 1159 553 2)
1175 482 1208 538 ut

67 602 127 646 non
150 589 189 646 sit
212 583 291 646 edita
320 589 389 644 ante
418 599 529 644 annum
552 581 701 645 decimum
725 588 843 646 sexium
874 586 979 644 aetatis
1001 577 1207 662 expletum²);

68 685 101 762 3)
125 693 158 750 ui
181 687 315 768 probatio
338 684 497 748 antecedat
525 703 580 768 per
606 691 757 770 integrum
781 703 908 763 annum,
941 690 1007 766 post
1036 690 1208 766 susceptum

67 786 248 862 hahitumf).
272 787 308 864 4)
331 789 369 854 Ut
391 787 538 872 professio
562 793 715 852 emittatur
736 788 924 852 inmanibus
946 788 1022 870 ejus,
1045 793 1095 872 qui
1119 787 1208 852 habet

67 899 244 974 potestatem
267 892 475 973 incorporandi
498 891 648 976 religioni,
680 911 747 956 nam
768 892 921 974 professus
944 891 1108 954 eminendo
1134 910 1208 973 pro-

69 998 232 1061 fessionem
256 1002 338 1080 quasi
362 994 510 1059 contrahit
532 1013 600 1058 oum
623 995 787 1080 religione,
818 1001 1039 1076 cousequenter
1061 1013 1100 1058 ex
1123 1000 1209 1058 utra·

68 1119 128 1182 que
151 1107 236 1182 parte
263 1117 427 1164 consensus
458 1095 676 1181 reperturi),
706 1104 738 1163 ut
760 1098 812 1162 fret
838 1101 870 1161 in
893 1097 982 1162 donro
1012 1100 1209 1184 religionisa

69 1204 148 1268 Sede
169 1203 343 1284 Apostolica
365 1202 402 1264 ad
425 1201 617 1266 emittendam
641 1204 857 1284 professionem
880 1198 1083 1284 approbanti).

156 1306 206 1370 lll.
232 1305 340 1370 Votum
363 1306 482 1370 tandem
504 1303 561 1370 hoc
585 1305 674 1370 modu
697 1311 838 1370 emissum
862 1308 997 1370 solemne
1019 1310 1065 1370 est
1094 1324 1130 1370 ac
1153 1324 1209 1368 va-

71 1410 176 1488 lidum,
201 1416 292 1492 atque
313 1409 429 1472 inducit
452 1409 698 1492 impedimentum
722 1414 944 1474 matrimonium
967 1410 1121 1486 dirimens,
1147 1425 1208 1472 nou

69 1514 168 1575 solum
193 1512 437 1592 contrahendum,
462 1513 516 1576 sed
540 1518 629 1576 etiarn
653 1518 856 1594 contractum,
888 1518 912 1576 si
944 1517 1040 1575 ratum
1075 1518 1210 1576 tantum-

71 1617 160 1680 modo
184 1621 232 1678 sit.
277 1617 315 1680 Ut
337 1635 376 1678 ex
399 1617 487 1680 dietis
510 1621 602 1698 patei,
624 1616 681 1681 hoe
703 1615 949 1697 impedimentum
980 1621 1079 1680 ortum
1102 1623 1148 1680 esi
1170 1632 1210 1680 err

66 1721 136 1800 jure
161 1720 375 1798 ecclesiastico,
405 1724 541 1800 quamvis
572 1720 760 1802 aliquatenus
789 1719 937 1784 fundetur.
961 1725 993 1782 in
1020 1719 1090 1800 jure
1120 1725 1211 1782 natu·

71 1823 126 1884 rali
151 1829 182 1883 et
204 1822 305 1885 divino
328 1827 467 1904 positivo,
491 1822 640 1904 professio
670 1828 748 1886 enirn
775 1824 1077 1908 religiosazpraecise
1100 1827 1212 1902 irritae

71 1931 222 2004 quatenus
243 1931 275 1988 in
298 1943 334 1987 ea
356 1924 504 1988 inclusum
527 1932 573 1988 est
597 1932 699 1988 votum
724 1931 925 1990 continentiae
947 1927 1099 2006 solemne3
1129 1930 1211 2006 atqui

73 2036 213 2092 votorum
236 2029 409 2092 solemnitas
432 2029 529 2092 solum
552 2029 677 2092 habetur
699 2047 739 2091 ex
756 2030 826 2110 iure
849 2025 1092 2106 ecclesiastieo.⁶)
1136 2027 1211 2092 Data

72 2137 173 2196 nutem
197 2136 244 2194 uis
265 2134 323 2194 isla
345 2130 504 2194 dirimendi
537 2136 759 2196 matrimonium
792 2131 1028 2196 contrahendum
1061 2136 1107 2194 est
1136 2148 1211 2212 pro-

72 2236 198 2298 fessioni
221 2235 382 2318 religiosae
400 2235 470 2315 jure
494 2240 703 2312 meritissimo;
732 2255 801 2298 curn
832 2241 912 2298 enirn
946 2253 1001 2316 per
1024 2235 1083 2298 tale
1106 2240 1209 2296 votum

72 2339 234 2423 religiosus
257 2355 290 2400 se
321 2353 468 2416 suumque
501 2355 608 2422 corpus
631 2338 696 2404 Deo
724 2343 756 2400 in
786 2338 932 2421 religione
962 2337 1081 2420 publice
1105 2341 1135 2398 at
1157 2353 1212 2400 so-

97 2544 119 2610 ι)
141 2541 219 2594 Cone.
238 2539 303 2592 Trid.
321 2556 381 2592 ress.
402 2543 443 2592 25.
461 2557 482 2593 c.
503 2541 534 2592 19
554 2550 579 2592 et
596 2558 617 2593 c.
639 2543 678 2595 18.
703 2543 827 2596 Professio
846 2551 913 2594 metu
937 2525 1031 2606 injusto
1048 2548 1143 2592 extorts
1162 2554 1213 2590 uon

143 2627 228 2691 obeat,
254 2630 387 2696 quominus
405 2625 548 2693 hujusmodi
568 2628 710 2696 professus,
737 2638 804 2680 metu
826 2630 897 2700 gravi
922 2631 987 2679 intra
1012 2628 1212 2696 quinquennium

144 2731 228 2766 eorem
252 2713 384 2766 Ordinario
406 2714 455 2766 loci
473 2723 499 2766 et
517 2729 562 2765 suo
581 2718 711 2782 superiore
735 2713 852 2782 probato,
876 2715 907 2764 ad
931 2712 1059 2765 soeculum
1082 2713 1164 2764 redire
1189 2719 1213 2761 ei

139 2803 237 2868 justum
265 2801 450 2852 matrimonium
480 2803 543 2852 inire
568 2804 653 2869 possit.
695 2798 789 2864 Quodsi
813 2800 925 2852 lrnbitum
953 2807 1027 2851 antea
1056 2805 1212 2864 susceptum,
1240 2799 1247 2808 “

143 2903 220 2940 eausa
239 2904 284 2954 per
300 2887 454 2955 Episcopum
472 2895 497 2938 ei
514 2890 671 2954 superiorem
690 2902 740 2938 non
758 2889 908 2949 cruminam,
927 2886 1058 2948 dimiserit,
1077 2892 1120 2936 aut
1137 2885 1213 2953 quin·-

142 2977 253 3044 queunio
272 2975 326 3040 jam
346 2973 445 3042 elapso,
474 2973 599 3042 aufugerit
617 2982 642 3026 et
667 2989 770 3026 uxorein
789 2973 911 3034 duxerit„
924 2988 1018 3042 poenas
1042 2979 1212 3040 apostatsrum

143 3063 247 3114 incurrit
266 3069 291 3112 et
309 3060 340 3112 nd
360 3062 538 3113 monasterium
557 3060 640 3114 redire
658 3063 762 3128 cogitur.
782 3057 860 3112 Cone.
878 3058 943 3110 'l'rid.
962 3061 1005 3112 cit.
1023 3058 1039 3110 l.

96 3150 121 3213 ²)
142 3145 220 3200 Cone.
246 3145 311 3198 Trid.
342 3165 404 3202 ress.
428 3151 469 3201 25.
494 3165 514 3200 c.
546 3147 583 3198 15.
626 3145 674 3209 „ln
701 3162 851 3214 quacunque
877 3145 999 3214 religione
1027 3153 1075 3194 tam
1102 3143 1213 3194 virorum

143 3251 219 3305 quarn
238 3233 369 3285 mulierum
393 3233 517 3301 professio
542 3247 592 3284 non
612 3231 730 3283 durante
749 3231 780 3282 16
800 3247 894 3282 annum
921 3230 1054 3298 expletum.
1089 3227 1213 3279 Professio

144 3329 226 3372 autom
245 3327 319 3371 antea
337 3318 402 3370 facia
420 3323 455 3370 sit
471 3317 572 3370 nuttam
590 3347 625 3357 -
643 3315 970 3386 Gong.c.21.tun.lult.
989 3318 1094 3367 irritavit
1112 3313 1213 3380 proler-

143 3411 250 3466 sionem,
269 3403 367 3458 duabus
385 3404 453 3456 horis
472 3405 598 3474 legitimae
618 3407 706 3456 aetatis
725 3403 907 3454 deficientibus.
931 3401 1029 3468 llnopp.
1048 3418 1073 3468 p.
1093 3399 1148 3454 136.

100 3496 124 3559 ³)
144 3492 221 3546 Cone.
239 3491 306 3544 frid.
324 3506 385 3542 sess.
404 3491 445 3543 25,
464 3507 485 3542 c.
506 3491 546 3543 16.
565 3520 599 3530 -
617 3487 678 3557 Cap.
699 3490 739 3542 16.
758 3489 787 3542 ll.
807 3488 839 3540 de
858 3487 993 3556 regulario.

99 3581 123 3646 ⁴)
143 3578 262 3632 Clemens
281 3577 345 3630 vttl.
363 3579 413 3630 inc.
450 3578 478 3628 ln
496 3592 621 3644 suprema.
641 3575 669 3628 C.
689 3574 716 3628 G.
736 3575 767 3626 de
786 3574 814 3625 2⁰
831 3573 923 3643 Aprilis
944 3573 1017 3626 1602.
1037 3568 1115 3640 Goug.
1135 3567 1212 3620 Cone.

143 3666 185 3718 21.
204 3664 271 3733 Sept.
291 3664 365 3717 1611.

100 3751 123 3817 ι)
141 3749 269 3804 Professio
287 3751 341 3802 lieri
358 3757 441 3817 potest
460 3763 590 3817 expresse,
611 3749 652 3800 vel
670 3750 757 3813 tacitc;
782 3751 861 3800 tacite
880 3747 906 3797 lit
924 3761 969 3814 per
987 3743 1171 3810 susceptionem
1189 3747 1214 3792 et

144 3839 311 3906 perlationem
329 3835 427 3890 habitus
450 3835 617 3904 professorum
641 3842 730 3903 sponte
748 3834 852 3898 factam,
880 3848 948 3884 anno
966 3829 1123 3900 probationis
1141 3843 1212 3881 com-

145 3923 212 3992 pleto
230 3926 256 3974 iu
275 3923 350 3974 domo
368 3923 538 3992 professionis.
557 3951 591 3964 ···
609 3920 748 3990 schmsug.
767 3923 801 3974 tit.
822 3921 844 3972 6.
864 3935 889 3972 n.
909 3920 949 3972 59.
968 3921 1009 3972 60.

100 4013 124 4078 ⁸)
141 4010 281 4080 Schmslsg.
300 4008 343 4063 lilr.
362 4011 386 4064 l.
405 4012 441 4065 tit.
461 4011 484 4062 6.
503 4010 544 4062 60.

153 4104 353 4148 nemuimouto.
1010 4089 1029 4156 9
