2746 4646
1016 20 1027 51 Ι

152 133 214 200 104
391 150 428 203 De
445 145 631 216 impedimentis
649 151 835 204 matrimonium
854 147 1033 201 dirimentibus.

149 310 271 370 siastico
292 305 429 381 irritat.¹)
474 307 549 369 iiiuc
571 311 604 382 ii,
626 307 733 389 quihus
766 313 903 385 constat,
938 323 972 368 se
1003 323 1071 368 esse
1104 309 1287 386 impotentes

150 411 263 492 absque
305 413 389 493 gravi
423 417 548 490 peccato
581 413 801 472 matrimonium
832 408 1009 472 contrahere
1039 412 1205 490 nequeunt,
1231 413 1286 470 etsi

150 512 234 574 alteri
267 516 342 591 parti
372 519 441 576 nota
473 519 554 576 esset
581 517 755 594 impotentia
792 517 823 574 et
853 512 963 575 cedere
991 502 1060 592 jure
1090 531 1145 574 suo
1181 511 1284 588 veliet,

97 637 98 640 ¹
151 617 220 694 quia
243 620 412 677 contractus
434 621 515 676 esset
537 619 654 691 irritus3
677 633 776 696 neque
799 633 903 677 eorum
926 613 1105 692 cohabitatio
1128 619 1283 692 tamquam
1352 637 1353 680 1

149 719 228 778 inter
249 716 371 778 fratrem
395 723 425 778 et
454 734 588 778 sororem
619 718 733 780 admitti
762 724 876 798 potest,
908 719 1123 798 potissimum,
1153 719 1178 778 si
1217 735 1284 777 cum

151 823 275 880 scientia
298 818 468 900 hujusmodi
490 822 685 898 impotentiae
707 824 926 898 contraxerint,
965 839 1024 900 quo
1051 823 1082 880 in
1115 836 1189 880 casu
1212 825 1282 879 ante

151 939 270 984 omnem
294 921 499 1001 probationem
522 938 590 983 sese
620 940 759 1002 separare
781 930 932 986 tenentur.
976 921 1022 984 Oh
1048 925 1156 984 vitium
1185 926 1287 1001 impo-

150 1027 264 1086 tentiae
286 1027 375 1086 etiam
400 1022 614 1103 eunuchorum,
638 1030 688 1106 qui
711 1030 831 1106 proprie
854 1025 928 1088 tales
951 1029 1036 1101 sunt,
1067 1025 1210 1105 conjugia
1234 1029 1286 1085 in-

150 1123 246 1187 valida
269 1126 430 1189 declaravit
453 1126 553 1190 Sixtus
577 1126 613 1193 V.
638 1125 956 1209 P.²)-1mpotentia
987 1128 1197 1206 subsequens,
1228 1131 1286 1188 etsi

149 1233 292 1308 perpetua
315 1237 346 1290 et
368 1234 566 1309 matrimonio,
591 1235 691 1306 etiam,
719 1237 880 1312 numquam
911 1237 1149 1294 consummatum
1184 1229 1284 1304 fuerit,

150 1337 378 1412 superveniens,
402 1339 584 1396 contractum
609 1352 671 1396 non
693 1333 813 1397 dirimit.
860 1333 941 1396 idern
968 1333 1129 1396 dicendum
1163 1329 1201 1392 de
1226 1336 1287 1392 im-

151 1439 283 1512 potentia
306 1438 503 1497 antecedente
536 1439 709 1519 tenpcraii,
749 1441 818 1517 quia
852 1455 925 1500 usus
956 1435 1080 1498 actualis
1105 1437 1286 1496 matrimonii

151 1535 189 1598 ad
211 1537 276 1618 ejus
319 1543 481 1600 essentiam
513 1557 573 1600 non
602 1545 745 1620 pertinet,
769 1545 800 1600 et
830 1539 957 1618 sufficit,
1001 1545 1033 1600 ut
1066 1541 1285 1601 consummatio

152 1640 200 1701 vel
223 1640 314 1701 inerit
327 1641 487 1720 possibilis
509 1647 643 1724 tempore
667 1649 847 1720 contractus,
878 1642 927 1703 vel
956 1648 1026 1704 tunc
1056 1641 1207 1720 possibilis
1233 1640 1285 1730 f¹¹7

151 1748 216 1804 tura
239 1747 297 1817 sit;
320 1741 400 1804 unde
421 1749 452 1805 in
475 1751 603 1826 utroque
625 1765 711 1822 casu,
736 1751 760 1808 si
784 1751 887 1828 postea
909 1749 1058 1825 separatio
1081 1743 1132 1806 hat
1154 1759 1283 1804 necesse

151 1850 207 1921 est,
232 1851 342 1906 neuter
363 1847 599 1910 contrahentium
622 1849 659 1912 ad
688 1849 745 1912 alia
767 1855 837 1911 uota
860 1852 988 1910 transire
1011 1852 1192 1927 potestante
1217 1845 1287 1906 obi-

152 1949 368 2010 tum-alterius.
1129 2007 1131 2010 .

238 2049 288 2110 lii.
310 2050 341 2114 Si
362 2055 536 2132 impotentia
559 2057 597 2116 sit
618 2061 716 2131 certo,
739 2057 804 2116 sive
826 2058 865 2115 sit
886 2052 1079 2128 antecedens,
1111 2057 1178 2114 sive
1213 2069 1285 2112 con·

151 2150 292 2233 sequens,
316 2171 402 2216 usum
425 2160 622 2236 matrimonii,
645 2161 734 2219 etiarn
765 2155 951 2220 solummodo
981 2159 1176 2232 attentatum,
1210 2154 1284 2215 iacit

151 2255 306 2334 illicitum,
337 2261 421 2337 quia,
455 2258 504 2319 uhi
537 2260 643 2340 copula
672 2259 775 2340 perfici
807 2265 926 2341 nequit,
958 2259 1043 2322 deest
1074 2256 1142 2318 finis
1174 2255 1283 2316 licitus.

149 2357 225 2442 iiiuc
251 2362 283 2418 in
291 2376 363 2422 cusu
373 2363 567 2439 impotentiae
577 2369 677 2425 certae
693 2367 759 2426 sive
775 2362 982 2428 antecedentis
1004 2365 1070 2424 sive
1087 2377 1285 2439 consequen-

151 2465 190 2522 tis
212 2462 370 2540 separandi
392 2470 462 2524 sunt
483 2465 639 2548 conjuges,
648 2463 676 2540 3)
709 2463 814 2526 saitem
841 2484 858 2526 a
888 2472 969 2541 toro,
1002 2468 1028 2526 si
1050 2461 1088 2524 ob
1111 2461 1284 2525 scandalum

151 2561 294 2625 aut'alie
329 2570 508 2648 gravissima
544 2567 734 2631 incommoda
770 2568 807 2630 ah
838 2567 1019 2630 habitatione
1058 2569 1191 2644 separari
1224 2582 1283 2624 ne·
1352 2587 1353 2592 ¹

151 2661 358 2746 queunt.⁴)—
380 2668 473 2730 Caute
500 2676 599 2732 autem
628 2671 793 2750 procedere
825 2669 913 2732 debet
948 2669 1164 2735 coniessarius:
1198 2673 1229 2728 et
1258 2671 1283 2728 si

151 2768 355 2849 deprehendat
377 2773 523 2855 conjuges
544 2778 723 2854 impotentes
753 2777 785 2834 iu
814 2773 893 2834 bona
926 2771 984 2833 hde
1007 2775 1137 2848 versari,
1162 2774 1285 2849 saepius

151 2876 315 2934 monitione
337 2873 489 2936 abstinere
511 2877 617 2940 melius
641 2883 708 2956 erit,
726 2895 763 2938 ne
786 2895 803 2938 a
825 2881 947 2956 peccato
979 2873 1124 2936 materiali
1153 2877 1185 2934 in
1217 2872 1284 2934 ior·

151 2972 230 3034 male
252 2973 427 3052 labantur.⁵)

180 3110 201 3175 ¹)
220 3109 316 3162 Deerat.
334 3109 376 3161 lib.
395 3109 436 3161 iv.
458 3111 481 3162 1.
500 3113 537 3162 tit.
556 3113 594 3164 15.
614 3130 636 3166 c.
655 3115 680 3165 6.
738 3140 740 3145 ν

180 3197 203 3262 ²)
221 3195 304 3248 Sixtur
324 3197 348 3246 in
367 3194 455 3248 littaris
474 3199 506 3249 ad
523 3199 641 3268 Episcop.
661 3199 808 3252 Novariens.
827 3201 907 3252 (1.26.
925 3197 993 3250 danii
1013 3195 1087 3248 iesu.

178 3284 201 3349 ³)
219 3281 326 3334 Possunt
343 3285 454 3349 separari
467 3286 492 3336 in
504 3285 551 3336 hoc
565 3288 730 3366 caaupetiam
748 3303 778 3338 ex
799 3288 898 3354 propriu
916 3284 1072 3345 auctoritate,
1097 3283 1116 3332 si
1131 3279 1156 3330 id
1167 3281 1222 3332 ii'eri
1235 3297 1282 3358 po·

219 3375 267 3417 test
279 3369 333 3418 sino
348 3367 476 3422 scandalo.
495 3370 520 3422 st
532 3373 669 3438 periculum
682 3373 794 3424 scandali
807 3373 881 3434 adsit,
893 3385 938 3438 pro
948 3377 974 3420 ut
983 3369 1149 3419 communiter
1159 3374 1204 3427 est,
1222 3375 1284 3417 tunc

219 3451 312 3502 debent
323 3453 461 3506 reclamare
475 3473 559 3508 coram
569 3458 657 3523 judice
671 3459 849 3520 ecclesiastico,
862 3475 876 3508 a
888 3472 938 3526 quo
948 3453 1085 3522 separandi
1107 3461 1174 3514 sunt,
1194 3453 1282 3504 saitem

218 3538 301 3608 quoad
313 3547 402 3600 torum,
417 3557 467 3594 non
486 3553 630 3610 exspectato
649 3547 765 3598 triennio.
779 3546 804 3598 S.
817 3541 916 3614 Liguoii
934 3544 958 3594 1.
979 3540 1053 3594 1101.

177 3624 201 3691 ⁴)
219 3623 245 3676 Si
263 3633 344 3679 autem
362 3625 456 3678 velient
474 3628 617 3682 cohabitare
635 3640 662 3683 ut
684 3629 763 3684 irater
786 3640 811 3682 et
832 3645 905 3682 soror
928 3634 1015 3678 mutuo
1038 3639 1177 3684 consensu,
1208 3623 1283 3674 modo

213 3710 284 3764 abrit
302 3712 439 3778 periculum
457 3715 660 3778 incontinentiae,
680 3717 705 3768 id
724 3719 871 3785 permittitur
889 3731 921 3766 ex
938 3711 1028 3764 eodem
1047 3719 1130 3772 textu;
1149 3709 1193 3762 sed
1212 3720 1282 3762 recte

218 3795 324 3848 aduertit
342 3797 491 3860 Mendesius,
511 3799 705 3871 hocnunquam
724 3801 924 3870 permittendum,
954 3800 975 3848 si
993 3799 1079 3865 sponsi
1099 3813 1151 3848 non
1168 3799 1221 3848 rint
1239 3813 1283 3848 se·
1352 3821 1353 3840 ι

219 3897 274 3938 nes.
299 3882 324 3934 S.
342 3881 395 3950 hig.
411 3882 427 3935 1.
448 3899 469 3935 c.
534 3888 543 3912 t
1352 3891 1353 3902 ¹

176 3967 199 4037 ⁸)
214 3967 294 4034 Eury.
315 3967 390 4022 1513.
