2764 4664
376 813 764 946 Appendix
812 813 866 911 Ι.

419 1035 529 1122 Casus
548 1030 831 1129 matrimoniales.

536 1217 691 1234 tvvm

537 1322 657 1387 Casus
679 1321 701 1386 l.

150 1495 202 1554 De
221 1487 420 1554 conditione
439 1491 636 1554 contractui
652 1487 902 1552 matrimonlall
919 1488 1087 1567 apposita.

137 1625 233 1688 Diei.
246 1623 405 1705 ltlajianno
416 1620 500 1688 1718
511 1628 696 1686 contractum
714 1622 770 1686 luit
790 1626 823 1688 ln
840 1622 966 1686 Ciuitate
978 1617 1189 1686 dissuasere

50 1726 235 1794 Occidentali
243 1727 328 1808 juxta
341 1725 464 1788 termam
479 1722 602 1788 concilii
613 1725 744 1791 Trident.
753 1727 975 1790 matrimonium
987 1721 1029 1786 de
1037 1719 1191 1806 praesenti

50 1826 769 1906 interSanamremiudov.untdetssarbormnm,
793 1829 979 1894 etJoannam
989 1825 1195 1911 Agnetemde

51 1933 176 1998 Almada
199 1928 335 2006 darmite,
360 1949 428 1993 eum
450 1930 508 1996 hue
528 1937 628 1994 umen
641 1937 743 1995 mutua
764 1935 843 1994 inter
865 1927 1077 1996 contrahentes
1097 1929 1192 1994 tutet-

50 2040 196 2122 ligentia,
229 2041 263 2098 ut
291 2039 445 2098 contracto
474 2038 662 2098 matrimonio
691 2035 799 2097 mulier
825 2038 905 2100 intra
934 2033 1104 2115 quindecim
1127 2033 1194 2098 dtas

52 2143 269 2203 monasterium
292 2136 463 2200 monialium
486 2136 710 2220 ingrederetur,
742 2143 772 2198 et
794 2137 899 2217 elapso
918 2141 1080 2205 novitiatus
1102 2154 1194 2216 anno,

52 2241 225 2326 regularem
254 2245 405 2302 emitteret
433 2239 673 2320 professionem,
709 2257 768 2304 una
801 2257 869 2302 cunr
899 2243 1097 2318 promissione
1132 2256 1194 2308 nott

52 2343 161 2411 mendi
190 2342 398 2422 matrimonio,
430 2361 487 2406 nec
521 2343 596 2406 illud
624 2341 866 2419 consummandi,
899 2359 954 2421 pso
990 2359 1051 2423 quo
1084 2339 1196 2406 amaon

53 2449 241 2510 renuntiavit
263 2448 348 2506 omni
359 2443 440 2524 juri,
464 2444 544 2526 quod
567 2446 624 2509 sihi
641 2450 814 2526 competere
836 2450 939 2525 posset
960 2460 1196 2526 superposuerit

53 2549 211 2627 Ludovici,
235 2552 356 2612 etcum
378 2553 585 2629 expressione,
608 2549 688 2630 quod
710 2553 741 2612 in
762 2545 940 2630 hypothesi,
962 2551 995 2613 iu
1016 2563 1074 2629 qua
1096 2547 1195 2628 aliqua

54 2671 95 2716 ere
117 2650 206 2714 hisce
231 2649 452 2716 conditionibus
481 2669 540 2718 nou
562 2651 791 2734 adimpleretur,
819 2653 1043 2716 matrimonium
1069 2647 1197 2731 neruda

54 2773 90 2818 aa
112 2754 253 2830 hahcrct,
282 2771 320 2824 eo
339 2757 366 2818 sl
396 2771 547 2835 nunquam
576 2759 761 2820 contractum
789 2753 913 2831 luisset,
945 2758 976 2817 et
996 2750 1072 2816 haee
1095 2758 1199 2820 muita

54 2857 262 2940 intelligentta
282 2854 340 2918 suit
360 2861 391 2918 in
411 2861 529 2936 scriptis
543 2857 675 2938 redacta,
699 2863 730 2922 et
754 2856 887 2938 parocho
907 2861 938 2918 et
960 2853 1088 2920 emotus
1107 2872 1198 2922 cem·-

56 2963 227 3038 municata‚
258 2964 289 3024 et
310 2959 398 3038 paulo
421 2967 488 3040 post
514 2961 552 3026 ad
574 2961 808 3026 celebrationem
835 2962 1015 3024 matrimonii
1037 2957 1200 3026 deseutum

56 3070 115 3128 est.
160 3061 266 3138 naun,
298 3079 352 3126 cur
389 3065 609 3126 matrimonium
638 3063 694 3128 suh
727 3063 777 3128 tali
806 3061 978 3126 mnditione
1014 3065 1200 3126 contractam

58 3166 173 3243 luerit,
193 3167 225 3224 tn
247 3161 303 3226 hoc
325 3169 384 3228 sita
405 3171 487 3243 erat,
510 3165 591 3244 qued
614 3183 653 3228 ex
675 3164 830 3229 Senatorio
850 3163 1006 3229 Barherinl
1028 3163 1200 3248 frequenti-

56 3265 116 3330 hus
146 3266 366 3330 visitationibus
393 3271 425 3330 in
453 3265 541 3330 domo
563 3267 698 3336 icaunae
719 3266 849 3351 Agnetis
877 3271 1009 3348 suspicio
1043 3266 1081 3332 de
1112 3265 1202 3348 huju

58 3373 174 3439 virtute
196 3373 229 3430 et
249 3365 364 3432 honore
386 3375 491 3432 exorta
512 3375 592 3445 erat,
621 3387 700 3450 quae
728 3367 785 3436 hoo
807 3368 896 3434 modo
923 3368 1094 3448 tolleretur,
1130 3370 1204 3450 qua

59 3473 244 3538 Barberinus
265 3471 386 3536 vinculo
410 3475 590 3536 matrimonii
614 3473 768 3556 ligaretur.

150 3576 310 3640 contracto
332 3580 432 3640 autem
455 3579 660 3654 matrimonio,
692 3581 724 3636 et
744 3533 991 3660 septemhlebus
1012 3577 1066 3638 vix
1093 3572 1203 3652 elapsu

60 3677 180 3742 Joanna
203 3682 235 3740 in
253 3678 305 3760 Jus
327 3678 639 3742 vocavitLudovicum
662 3694 761 3740 coram
774 3676 892 3740 Vicario
909 3674 1050 3738 Generall
1071 3674 1206 3738 Patriur·

61 3781 169 3844 chatus
191 3779 342 3844 Ulisehen.
379 3779 595 3856 Occidentalis,
623 3779 764 3860 idemque
792 3783 973 3843 sententiam
1001 3778 1124 3860 protulit
1151 3793 1206 3860 pro

61 3881 219 3948 vallditate
241 3885 441 3960 matrimonii,
461 3881 517 3946 suh
539 3901 576 3948 co
599 3885 786 3964 potissimum
810 3878 1025 3962 fundamento,
1046 3879 1126 3962 quod
1147 3897 1207 3944 ue-

62 3985 195 4050 luutarie
217 3989 248 4046 et
277 3988 343 4048 stne
365 3983 425 4052 ulla
447 3990 603 4052 coactione
631 3983 729 4048 luerat
757 3989 963 4064 contractum,
991 3982 1207 4067 etquodnam

117 4101 320 4146 mnasonem
958 4083 999 4152 19
