2736 4660
177 221 240 292 386
583 237 665 295 bum
684 239 886 296 matrimoniales.

175 407 331 482 impetrata
352 399 457 476 alterl;
484 417 559 484 ergo
582 404 607 462 si
631 417 709 464 unus
731 400 879 464 alliciatur
902 408 973 466 voto
996 407 1156 484 castitatis,
1181 409 1216 466 et
1237 403 1309 466 alter

175 523 236 569 non
264 503 388 567 allectus
417 505 467 566 tall
496 507 637 583 impetret
666 504 940 584 dispensationem,
974 507 1043 568 licet
1072 507 1139 588 ejus
1170 505 1307 570 mandato

176 625 235 670 non
256 607 410 690 indigeat,
438 613 472 669 ut
493 605 676 688 dispensatio
697 607 797 671 valida
820 611 878 688 sit,
907 607 983 672 baec
999 607 1103 670 'tamen
1126 601 1309 691 dispensatio

175 711 218 772 illi
242 727 302 774 non
324 709 475 790 proderit,
492 713 561 772 ,nisi
591 715 659 790 post
687 711 753 792 ejus
783 716 916 794 notitiam
946 718 1037 794 atque
1065 718 1310 794 acceptationem.

175 813 248 875 Cum
270 818 371 894 itaque
393 817 424 874 ln
446 831 518 878 casu
542 819 643 876 nostro
665 818 705 876 sit
726 833 826 878 sermo
843 815 889 880 de
909 815 1124 896 impedimento
1149 823 1310 898 utrumque

174 915 343 992 alliciente,
375 935 483 998 nempe
514 916 552 978 de
583 922 863 1000 consanguinitate,
898 917 968 980 lieet
1000 919 1184 1000 dispensatio
1217 925 1310 984 inscia

173 1019 294 1082 lletilde
323 1018 412 1080 luerit
442 1023 615 1100 impetrata,
646 1021 768 1084 dubium
798 1037 867 1084 csse
896 1039 957 1084 non
984 1027 1110 1101 poterit,
1145 1027 1221 1104 quiin
1248 1029 1311 1103 ipsa

174 1123 284 1186 Tiberii
312 1127 391 1184 votis
413 1130 565 1186 annuente
592 1129 686 1204 prosit
713 1128 845 1202 utrique,
877 1129 1051 1205 praesertim
1080 1129 1187 1206 stipsi
1212 1131 1311 1187 mani-

174 1224 280 1287 lestata
309 1225 415 1302 luerit,
448 1230 478 1286 et
505 1225 541 1288 ab
564 1231 627 1306 ipsa
648 1230 819 1306 acceptata,
851 1227 931 1306 quod
959 1233 1075 1306 tamen,
1106 1235 1138 1290 ut
1167 1229 1309 1307 vidimus,

173 1345 272 1410 neque
295 1336 375 1392 esset
399 1333 602 1392 necessarium
625 1328 661 1392 ad
685 1329 752 1409 eJus
774 1327 916 1394 valorem.
931 1327 956 1405 ¹)
1008 1409 1009 1412 Ἴ
1246 1330 1249 1334 ’

627 1533 746 1598 Casus
777 1533 852 1600 LlV.

477 1719 479 1725 .
528 1665 751 1740 Dispensatio
766 1668 806 1727 in
823 1667 947 1728 radice.

258 1821 433 1890 Guillelmus
452 1825 603 1889 Jaroslaus
625 1825 824 1890 Graislelseus
847 1826 884 1888 de
906 1825 1113 1912 Pilscmburgb
1136 1825 1230 1901 Baro,
1254 1843 1310 1887 seu

172 1931 319 2007 Dominus
342 1929 409 1991 loci¹
423 1931 515 1992 l'man
544 1934 636 1992 sanct.
660 1947 748 1992 mem.
772 1927 917 1992 Clementi
940 1929 1034 2010 Papae
1056 1927 1105 1992 Xl.
1129 1929 1311 2010 supplicavit

172 2049 225 2112 pro
243 2031 415 2114 Apostolica
439 2032 677 2112 dispensatione,
701 2049 778 2112 quae
800 2032 909 2094 dicitur
932 2035 963 2094 ia
981 2034 1088 2096 radice
1101 2034 1312 2106 ,matrimonii

172 2135 209 2197 ad
240 2133 378 2196 ellectum
409 2131 685 2218 legitimandi'tres
714 2135 792 2198 srlios
822 2142 891 2196 tunc
917 2141 1116 2218 superstites,
1146 2130 1310 2212 Joannem,

172 2237 310 2300 Carolum
333 2244 364 2298 et
386 2235 587 2319 Rudolpbum‚
619 2255 694 2318 quos
717 2242 823 2321 genuit
851 2258 889 2300 ex
917 2238 1045 2320 quadam
1072 2237 1219 2305 Ludmilla
1249 2237 1311 2300 bo-

171 2349 256 2405 nesta
278 2339 394 2421 puella,
424 2361 492 2404 cum
516 2359 573 2420 qua
600 2347 671 2404 ante
693 2359 788 2404 annos
809 2337 852 2404 to
881 2340 998 2404 dicebat
1026 2333 1060 2405 se
1083 2346 1310 2404 nmtrimoniurn

170 2448 358 2509 contraxisse
387 2464 446 2508 non
477 2451 575 2506 tamen
605 2462 706 2506 eoram
735 2441 879 2526 parocho,
913 2461 951 2506 ex
982 2463 1041 2526 quo
1074 2451 1145 2506 tuuc
1174 2448 1207 2506 in
1237 2443 1310 2506 loco
1359 2479 1360 2482 =

170 2551 263 2614 Tman
287 2547 385 2610 nullus
407 2547 510 2610 aderat
533 2543 699 2628 parochus,
722 2552 753 2608 et
767 2540 878 2609 Missae
896 2547 1076 2610 sacrificium
1099 2545 1310 2609 celebrabatur

169 2673 186 2716 a
209 2649 415 2716 sacerdotibus
438 2653 588 2712 extraneis
611 2648 733 2712 fortuito
755 2649 792 2710 ad
813 2647 924 2710 dictum
944 2649 1042 2712 locum
1063 2649 1308 2730 advenientibus,

170 2755 224 2820 sed
252 2772 351 2818 coram
381 2751 511 2834 quodam
540 2751 710 2830 sacerdote,
743 2751 855 2834 absque
885 2758 983 2814 umen
1012 2751 1117 2815 fraude
1148 2757 1178 2813 et
1205 2757 1308 2814 inter-

172 2857 407 2937 cedentebona
434 2855 509 2934 ude,
540 2873 607 2916 curn
635 2853 692 2916 sibi
719 2858 905 2934 suppositum
928 2855 1051 2932 luisset,
1081 2861 1306 2920 matrimonium

172 2961 299 3025 validum
323 2979 392 3023 esse
415 2959 562 3036 futurum,
595 2961 664 3036 quia
686 2940 779 3019 ad'se
803 2964 940 3040 tanquam
964 2958 1022 3022 loci
1045 2959 1207 3022 Dominum
1231 2977 1306 3040 per-

171 3064 284 3126 tinebat
301 3063 352 3144 jus
374 3061 533 3142 paroobum
556 3057 833 3140 praesentandi,.et
856 3081 895 3124 ne
916 3061 973 3126 sibi
995 3061 1085 3142 objici
1106 3070 1226 3144 posset,
1258 3064 1305 3124 vel

171 3184 291 3232 oausam
314 3165 421 3228 deesse
451 3183 505 3244 pro
528 3163 583 3228 bac
603 3167 717 3246 insigni
740 3169 836 3248 gratia
864 3163 1038 3244 obtinenda,
1067 3165 1117 3226 vel
1139 3184 1202 3226 non
1224 3185 1305 3228 con-

170 3287 291 3332 currere
321 3285 374 3344 ea,
409 3285 486 3348 quae
517 3265 554 3330 ad
585 3265 695 3328 dietum
725 3265 865 3331 ellectum
895 3275 965 3332 sunt
992 3273 1185 3346 necessaria,
1218 3269 1304 3352 leges

169 3374 266 3436 attulit
283 3371 380 3454 Regni
399 3367 576 3448 Bohcmiae,
595 3369 682 3452 juxta
705 3368 796 3454 quas,
819 3370 988 3433 recedendo
1011 3371 1117 3454 ajure
1137 3369 1302 3451 Canonico,

169 3477 326 3560 legitimati
355 3493 409 3554 per
434 3473 621 3554 subsequens
650 3458 869 3538 matrimonium
898 3481 1038 3538 arcentur
1058 3495 1076 3538 a
1097 3479 1301 3557 possessione,

169 3587 200 3642 et
230 3575 414 3640 haereditate
444 3575 590 3638 bonorum
623 3581 654 3638 in
685 3577 765 3642 dicto
798 3577 904 3662 Regno
936 3597 1079 3658 suorum,
1114 3561 1240 3660 itaut,
1277 3585 1303 3644 si

169 3683 423 3763 dispensationem
454 3698 515 3741 non
545 3680 694 3743 obtineret
721 3686 752 3742 in
779 3681 880 3744 radice
911 3687 1109 3763 matrimonii,
1140 3701 1195 3746 sua
1224 3685 1302 3747 bona

168 3787 281 3867 absque
304 3782 411 3863 dubio,
442 3781 571 3844 exclusis
599 3787 726 3864 propriis
754 3784 839 3866 tiliis,
871 3792 972 3849 essent
994 3785 1031 3848 ad
1054 3792 1216 3851 extraneos
1245 3790 1302 3852 de·

82 3963 84 3969 *
202 4007 223 4078 ¹)
243 4003 322 4058 Casus
340 4003 482 4060 concelent.
506 4001 600 4057 Bened.
615 4001 679 4058 xit.
698 4003 747 4059 rol.
763 4007 786 4059 4.
805 4025 829 4077 p.
846 4005 908 4074 15⁰,
928 4005 985 4064 151.
