2746 4646
161 198 221 267 102
399 211 434 264 De
453 213 636 284 impedimentis
653 215 846 287 ¹matrimonium
865 209 1049 292 dirimeqtibos.

158 389 364 465 verentialem,
389 390 443 448 nisi
469 391 566 450 minae
588 393 639 448 aut
660 388 804 467 verbera,
829 393 880 450 aut
903 387 979 449 alins
1002 394 1099 450 melus
1122 390 1228 472 gravis
1253 386 1295 446 illi

159 491 354 576 adjungatur,
390 509 449 554 non
478 489 586 553 cadere
615 489 774 568 invirum
805 495 991 556 constantem
1022 509 1057 552 ac
1079 489 1210 572 proinde
1234 507 1295 550 non

83 662 84 665 Ἴ
157 601 274 659 irritare
302 596 540 667 matrimonium
579 597 703 674 insuper
728 595 924 674 probabilius
953 597 1115 675 requiritur
1146 596 1175 654 in
1212 597 1294 652 metu
1354 655 1355 678 Ξ

158 697 358 774 reverentiali,
383 701 416 760 ut
439 701 553 762 minans
575 697 680 760 solitus
702 703 742 762 sit
765 703 858 763 minas
882 700 1010 778 exequi;
1029 700 1114 778 quia,
1140 695 1212 756 dum
1236 684 1294 757 ali-

157 805 223 882 quis
252 799 329 862 solet
359 803 454 862 minas
478 803 594 884 jactare
623 805 653 862 et
675 819 778 882 parum
803 806 927 884 exequi,
953 797 1075 880 perinde
1099 803 1165 876 εει,
1200 817 1237 860 ac
1267 801 1289 858 si

159 923 218 971 auu
242 907 414 966 minaretur.
426 899 454 978 ¹)

156 1074 158 1078 Α
246 1007 416 1082 Quaeritur
444 1003 501 1077 3⁰).
548 1005 702 1085 Quomodo
730 1013 769 1068 sit
800 1004 1021 1086 procedendum
1052 1023 1120 1067 cnm
1150 1023 1292 1086 persona,

159 1130 234 1192 quae
255 1115 288 1172 iu
306 1113 526 1173 matrimonium
542 1115 733 1174 consensisse
756 1130 795 1172 er
817 1115 899 1174 meto
924 1112 1009 1194 gravi
1034 1109 1145 1190 injuste
1169 1113 1293 1170 incusso

158 1212 287 1278 asserit?

243 1323 277 1396 lp.
321 1313 480 1378 Audienda
501 1320 567 1393 est,
597 1321 624 1377 si
653 1316 709 1384 hoc
734 1317 873 1398 probare
900 1316 989 1389 velit3
1021 1333 1088 1376 eum
1119 1317 1202 1374 euim
1228 1314 1294 1394 ejus

157 1421 250 1484 illatio
273 1419 345 1502 quid
367 1417 436 1480 sacti
460 1423 489 1478 et
511 1417 650 1484 delicium
674 1424 721 1496 sit,
746 1420 819 1482 haec
841 1425 940 1482 autem
964 1437 1025 1480 non
1048 1421 1293 1498 praesumuntur,

144 1523 309 1609 ,probanda
340 1526 397 1584 erit
429 1521 465 1583 ab
497 1521 664 1606 allegante3
696 1524 784 1610 delpet
811 1531 911 1586 eutem
935 1522 1062 1606 probare
1093 1539 1153 1584 uon
1177 1525 1294 1582 tantum

159 1633 270 1688 metum
293 1623 346 1687 sed
370 1628 458 1686 eliam
482 1624 561 1689 illius
585 1627 773 1706 qualitatem,
803 1627 964 1706 videlicet,
997 1623 1076 1708 quod
1099 1625 1167 1686 talis
1191 1623 1294 1700 fuerit,

158 1735 210 1812 qui
239 1733 332 1810 possit
353 1727 460 1790 cadere
482 1733 514 1792 in
537 1731 633 1792 virum
656 1736 843 1794 constantem
898 1729 1003 1793 Modus
1034 1727 1176 1808 probandi
1200 1743 1294 1808 prae-

158 1838 266 1914 cipuus
295 1838 341 1894 est
369 1849 423 1914 per
452 1836 543 1894 testes
571 1836 650 1894 omni
680 1838 858 1913 exceptione
882 1833 1030 1913 maj0reS‚
1059 1835 1138 1892 inter
1161 1848 1240 1910 quus
1262 1834 1293 1890 in

158 1934 215 2010 hoc
238 1951 309 1996 casu
332 1939 420 1996 etiam
444 1934 638 1997 admittuntur
660 1940 876 2018 consanguinei
907 1934 1065 2016 cujuslibet
1094 1933 1216 2018 gradus
1262 1933 1290 1994 Si

160 2040 384 2101 matrimonium
414 2041 598 2100 contractum
634 2039 725 2102 luerit
756 2044 788 2103 in
816 2043 984 2122 praesentia
1008 2038 1145 2120 (judicis)
1185 2055 1291 2100 sacer-

157 2141 254 2218 dotis,
289 2146 319 2200 et
340 2158 439 2226 curam
463 2147 711 2224 consanguinem,
742 2149 840 2206 metus
862 2141 1013 2206 difficilius
1035 2141 1195 2220 probatur,
1222 2158 1289 2200 nam

155 2248 186 2308 in
209 2243 313 2306 hurum
338 2249 505 2324 praesentia
529 2251 626 2310 metus
650 2265 709 2329 non
733 2250 945 2326 praesumitur3
970 2245 1086 2326 quodsi,
1110 2243 1290 2306 considera-

157 2351 193 2412 tis
217 2347 372 2426 omnibus,
397 2347 520 2410 dubium
543 2353 596 2428 sit,
624 2355 724 2412 utrum
754 2355 850 2412 metus
872 2351 984 2432 injuste
1007 2348 1043 2410 ad
1066 2351 1288 2411 matrimonium

157 2450 391 2515 contrahendum
422 2455 578 2526 incussus,
607 2457 709 2536 gravis
739 2457 776 2514 sit
799 2453 968 2517 censendus
991 2470 1028 2516 an
1050 2470 1124 2532 uon,
1150 2451 1287 2532 adeoque

155 2561 254 2620 utrum
278 2558 499 2618 matrimonium
521 2559 637 2618 irritum
662 2574 700 2632 an
722 2556 853 2621 validum
876 2560 924 2636 sit,
945 2553 1140 2638 judicandum
1163 2560 1210 2616 est
1235 2573 1289 2634 pro

155 2659 256 2726 ¹valore
271 2654 494 2738 matrimoniiss)
512 2662 591 2738 quia,
613 2658 683 2720 licet
698 2663 900 2740 inaximopero
917 2659 1081 2739 curandum
1096 2663 1143 2736 sit,
1169 2664 1201 2718 ut
1220 2676 1287 2717 ma-

161 2766 321 2830 rimooium
354 2762 448 2824 libera
479 2762 632 2831 vuluntate
663 2762 869 2840 contrahatur,
901 2763 1031 2844 ideoque
1060 2761 1229 2844 sponsalia,
1263 2765 1286 2822 si

154 2883 334 2949 quocunque
357 2865 461 2928 leviori
486 2871 567 2930 metu
589 2866 737 2928 celebrata
761 2870 838 2946 siut,
873 2866 960 2928 facile
984 2866 1194 2941 dissolvantur,
1221 2883 1288 2926 rna-

156 2973 327 3059 irimonipm
351 2973 467 3048 tamen,
498 2975 655 3052 postquam
686 2969 781 3035 semel
804 2976 1078 3060 contrectantem,
1107 2972 1207 3050 potius
1231 2973 1287 3046 est,

157 3079 188 3138 ut
212 3071 354 3150 validum,
377 3091 465 3154 quarn
489 3078 521 3134 ut
541 3071 702 3136 invalidum
720 3071 976 3154 judiceturpcum
992 3075 1175 3136 matrimonii
1199 3090 1288 3134 causa

157 3173 328 3239 favorabilis
359 3177 416 3253 sit,
450 3176 541 3258 idque
557 3157 669 3256 'partim
706 3183 829 3261 propter
857 3181 1060 3250 reverentiam
1093 3175 1285 3254 Sacramenta,

156 3283 263 3364 partim
289 3282 356 3371 quia
386 3279 566 3359 reipublicae
596 3286 625 3342 et
647 3279 739 3362 prolis
767 3278 940 3342 educandae
962 3283 1103 3356 interest,
1129 3283 1162 3340 ut
1183 3283 1287 3342 matri-

157 3387 255 3447 monia
279 3400 337 3446 non
361 3382 531 3462 solvantur,
562 3387 619 3447 uisi
642 3402 746 3449 eorum
769 3382 937 3446 informitas
959 3388 1107 3464 appareat.
1152 3381 1287 3460 Accedit,

182 3571 203 3636 ¹)
222 3545 454 3622 Excummunicatio
474 3588 487 3620 a
507 3567 584 3622 Cone.
603 3569 668 3621 Trid.
687 3587 749 3622 sess.
768 3571 809 3622 24.
828 3588 884 3638 cap.
905 3571 919 3622 9
939 3571 970 3622 de
989 3569 1090 3622 relnrm.
1110 3577 1182 3622 nrair.
1202 3573 1285 3622 cotnra

223 3657 292 3720 illos7
318 3657 361 3725 qui
379 3655 473 3707 directe
497 3655 536 3706 vel
560 3657 681 3707 indirecte
705 3656 817 3708 subditos
837 3673 896 3707 siros
919 3659 960 3709 vel
979 3673 1142 3728 quoscunque
1161 3659 1224 3710 allus
1243 3675 1285 3710 co-

225 3751 299 3811 guntq
318 3745 453 3810 quominus
471 3739 547 3794 libere
565 3745 724 3794 ruratrimeuia
743 3743 905 3808 contrahant,
919 3745 992 3810 juria
1010 3745 1205 3796 declarationem
1224 3743 1285 3795 Gre-

223 3829 285 3895 gorii
304 3828 393 3880 XVlll.
413 3828 439 3882 P.
459 3845 508 3878 nou
528 3827 620 3880 debent
640 3829 743 3898 intelligi
758 3829 789 3880 dc
805 3833 909 3900 privatis
925 3834 1049 3900 personis.
1063 3832 1285 3900 apparentibus,

223 3913 353 3965 tutoribus.
372 3913 470 3981 Knopp.
491 3932 514 3981 p.
534 3915 574 3966 58.

178 4000 199 4065 ²)
218 3998 355 4068 Lapmann.
374 3999 415 4054 lib.
434 4001 460 4058 5.,
478 4009 505 4054 tr.
526 4001 564 4053 10.
582 4018 608 4075 p.
627 4005 692 4076 ²2⁰·
711 4004 735 4056 5.
754 4019 779 4056 n.
798 4004 822 4056 4.
