2758 4664
427 255 465 316 De
483 255 571 318 Consta
589 257 820 320 matrimonialibus.
877 341 884 360 ἱ
1140 241 1202 314 2¹11

55 415 173 497 aliato,
205 402 331 485 ¹attamen
355 424 490 502 occuito,
522 429 744 488 matrimonium
771 419 934 487 invalidum
958 435 1027 486 esse
1048 421 1202 506 intelligit.

55 518 242 602 Priusquam
269 531 346 588 enim
376 531 557 590 matrimonii
586 528 752 592 nuditatem
781 531 902 608 utrique
925 525 972 588 ret
1000 523 1136 588 alterutri
1165 542 1205 586 ex

54 625 452 704 communicandorum,
478 632 559 710 ptura
576 637 633 712 ipsi
657 631 835 695 attendenda
859 635 941 707 sunt,
968 636 1028 691 tum
1051 628 1144 691 retate
1167 625 1204 691 ad

252 773 269 849 p
296 751 315 793 n
338 734 373 795 ad
396 735 602 814 impedimenti
626 742 772 800 naturam.

46 772 255 910 omen
300 836 317 896 d
339 839 486 921 conjuges
510 837 729 918 dispiciendum
754 845 811 901 erit

73 949 172 1108 Q
297 959 350 1002 ona
373 959 411 1002 an
434 942 509 1004 mata
533 941 591 1003 tide
610 947 828 1021 contraxerint,
852 948 1023 1025 utrumque,
1047 948 1203 1025 postquam

302 1048 408 1106 tionem
431 1044 639 1124 impedimenti
662 1045 849 1124 devenerint,
879 1046 1071 1108 nihilominus
1093 1049 1125 1108 tn
1148 1062 1204 1109 usu

121 1170 167 1274 ἒ
185 1155 213 1292 p
298 1152 500 1208 severaverint
523 1167 560 1210 an
584 1165 652 1211 sese
675 1149 889 1222 abstinuerint3

46 1195 102 1320 ἢ
152 1251 163 1265 ’
294 1267 349 1311 mrs
366 1255 478 1312 tantum
500 1251 706 1330 impedimenti
723 1253 856 1313 notitiam
876 1251 982 1313 habeat
1000 1251 1048 1312 vet
1069 1250 1202 1330 dubium,

295 1359 356 1414 arte
377 1359 409 1414 in
437 1353 514 1415 hona
538 1353 596 1414 tide
625 1355 745 1417 relicta.
779 1361 876 1416 utrum
906 1373 922 1416 a
947 1328 1075 1434 petauro
1103 1355 1204 1420 debito

297 1460 438 1531 ·tinuerit;

305 1559 370 1621 dum
394 1565 470 1639 erit,
493 1560 655 1639 pmdenter
678 1567 778 1622 tamen
802 1568 831 1621 et
854 1565 1080 1642 circumspecte,
1104 1568 1204 1626 utrum

327 1665 471 1747 conjuges
494 1663 616 1743 pacifice
640 1662 823 1742 cohabitent,
849 1679 886 1725 an
909 1669 1008 1744 potius
1031 1669 1206 1728 inimicitiae

313 1770 392 1828 inter
414 1785 468 1831 eos
490 1767 690 1828 advertantur.

308 1875 417 1932 atoram
441 1887 515 1930 iero
537 1869 742 1950 impedimenti
765 1877 842 1935 ratio
864 1871 999 1935 habenda
1022 1878 1082 1934 est:

308 1992 323 2033 r
350 1973 458 2034 delicto
488 1974 588 2053 atiquo
611 1979 709 2036 ortum
737 1979 791 2054 sit,
826 1995 864 2038 an
887 1983 926 2037 'ex
955 1994 1044 2040 causa
1073 1975 1206 2058 attoqutn

313 2083 413 2153 nesta3

310 2185 318 2238 t
339 2180 584 2262 impedimentum
605 2183 754 2244 occultum
779 2181 909 2262 quidem,
934 2182 987 2244 sed
1009 2187 1041 2244 tn
1058 2182 1126 2246 soro
1148 2197 1207 2242 ex-

311 2299 364 2345 san
379 2285 622 2364 demonstrabile,
647 2303 684 2346 an
709 2286 794 2364 plane
810 2285 970 2360 occultum,
995 2290 1026 2348 ut
1045 2304 1084 2347 err
1102 2287 1207 2348 natura
1260 2320 1261 2323 =

310 2405 352 2447 iro
375 2393 502 2451 externo
526 2387 645 2468 probari
669 2393 805 2470 nequeat

309 2489 552 2554 :consideranter
569 2497 599 2551 et
614 2497 751 2554 accurate
768 2498 942 2574 perspectis,
965 2495 1103 2574 sequenti
1118 2490 1208 2554 modo

334 2601 404 2658 erit:
494 2619 497 2626 ·

311 2701 420 2780 conjux
449 2706 577 2779 uterquc
607 2699 644 2759 de
672 2698 888 2779 impedimento
917 2716 1100 2781 quocunque
1130 2698 1208 2762 diri-

308 2843 311 2858 .
333 2803 466 2866 nuditate
489 2807 535 2864 sui
556 2806 736 2865 matrimonii
760 2808 896 2866 notitiam
919 2803 1035 2881 habeat,
1058 2821 1094 2866 ac
1116 2820 1209 2884 sepe·

308 2905 485 2968 escendato
506 2907 570 2968 deri
594 2912 738 2988 nequeat;
761 2912 832 2969 tune
854 2913 925 2969 ante
948 2910 1047 2970 omnia
1063 2907 1209 2990 conjuges

325 3016 404 3086 sunt,
430 3015 462 3070 ut
482 3009 519 3070 ab
537 3027 593 3071 usu
608 3013 786 3072 irratrimonii
805 3027 874 3072 sese
886 3013 1010 3072 omuino
1028 3009 1206 3087 abstineant,

312 3116 463 3193 sponsatio
488 3112 608 3175 obtenta
631 3115 729 3191 iisque
751 3116 901 3194 impertita
925 3111 1024 3175 fuerit.

313 3221 424 3277 tautum
456 3231 523 3296 pars
553 3215 759 3296 impedimenti
793 3216 995 3280 et‘nullitatis
1026 3217 1209 3279 matrimonii

158 3323 295 3390 notitiam
317 3317 433 3396 habeat,
459 3317 703 3399 impedimentum
717 3335 790 3379 vero
815 3317 985 3381 nullatcnus
1008 3335 1076 3380 eum
1099 3317 1210 3381 delicto
1293 3401 1295 3405 ,

159 3426 211 3490 vet
232 3423 353 3486 infamia
376 3421 466 3484 tuerit
488 3422 692 3502 conjunctum,
717 3442 750 3484 ac
773 3425 896 3502 insuper
917 3421 1064 3504 conjuges
1087 3419 1211 3502 pacifice

160 3527 344 3599 cohabitent3
364 3507 525 3606 ¹poenitens
549 3530 719 3603 moneatur,
742 3529 773 3585 ut
787 3528 946 3586 certiorem
964 3522 1070 3586 reddat
1086 3522 1210 3586 alteram

161 3637 275 3714 partem
299 3627 337 3689 de
360 3629 496 3690 nullitate
515 3632 694 3691 matrimonii
711 3646 779 3688 curn
796 3627 935 3691 mandato
958 3643 1026 3688 sese
1042 3625 1211 3690 abstinendi

161 3735 198 3800 ab
220 3751 276 3797 usu
300 3733 365 3813 ejus
389 3749 486 3813 usque
509 3732 545 3794 ad
569 3730 719 3794 obtentam
743 3729 1003 3812 dispensationem.

95 3845 139 3920 3)
163 3839 193 3904 Si
219 3855 284 3898 eae
313 3839 427 3898 tanturn
450 3853 517 3916 pars
547 3833 655 3896 habeat
682 3837 818 3896 notitiam
849 3833 991 3896 nuditatis
1020 3833 1212 3911 matrimonii,

104 3933 111 3940 ”
134 4006 139 4015 ,
163 3937 407 4021 impedimentum
430 3944 530 4001 autem
553 3937 639 4002 atteri
663 3939 739 4018 parti
761 3941 827 4000 sine
851 3955 968 4000 summo
990 3933 1124 4018 periculo
1147 3932 1213 3998 dis-

164 4044 232 4110 sidii
254 4045 285 4102 et
306 4045 438 4104 rixarum
462 4059 497 4104 ac
521 4040 652 4104 scandali
675 4038 802 4102 revelari
826 4057 886 4102 non
908 4044 1013 4120 possit,
1042 4054 1109 4118 pars
1131 4039 1213 4118 prior

125 4168 162 4212 Da
175 4159 328 4206 matrimonio·
966 4138 1005 4210 16
