2746 4646
160 201 201 282 bi
423 214 463 284 ae
478 215 663 296 inpetrasse
680 212 875 294 inpedientibus
892 212 919 276 bs
935 222 1030 292 spectu

160 384 337 468 parochialis
360 383 501 447 sacerdos
524 382 599 446 tales
629 383 858 464 conjunctiones
886 380 1045 462 probibere
1072 373 1298 464 conlempseril,

159 495 213 554 aut
241 493 291 569 qul
320 487 392 550 libet
420 491 510 549 eliam
538 487 702 570 regularis,
731 489 781 568 qui
805 491 849 550 eis
878 489 1111 566 praesumpserit
1137 489 1299 568 interesse,

157 611 216 674 per
245 593 410 654 laconiam
440 590 481 652 oh
512 588 617 667 officio
645 590 873 669 serpeadctar,
902 592 1026 671 gravius
1055 589 1242 669 puniendus,
1274 595 1299 652 si

158 695 265 776 eulpae
295 694 423 776 qualitas
451 693 657 774 postulaverit.
672 691 697 772 ¹)
749 691 912 755 Concilium
941 691 1061 755 undem
1092 693 1299 756 tridentinum

160 815 236 862 sess
260 791 312 861 24.
335 797 373 859 dc
401 795 523 860 reform.
548 800 633 858 malr.
663 813 728 875 cap.
754 791 784 859 l.
812 813 873 858 non
902 800 1014 858 lanbrm
1041 795 1115 857 illud
1143 793 1300 860 decretum

159 900 358 980 confirmauit,
381 897 435 962 sed
457 902 548 960 etiam
571 897 691 962 modum
713 897 801 979 hujus
823 898 1071 980 promulgationis
1093 902 1298 978 praescripsit,

154 1004 322 1074 ,sumendo
344 1007 399 1082 „ut
420 1005 452 1062 in
475 1005 642 1080 posterum,
671 1003 1074 1080 antequamnammontum
1096 999 1299 1081 contrahatur,

159 1113 211 1169 ier
237 1127 261 1170 o
278 1107 410 1188 proprio
439 1104 683 1168 comrctaenttcm
708 1103 849 1185 parociae
877 1104 978 1166 tribus
1005 1104 1161 1166 continuis
1190 1105 1301 1168 dardae

162 1210 285 1289 sedicit
305 1212 339 1271 in
352 1209 495 1270 Ecclesia
516 1210 598 1269 irater
610 1207 780 1268 Missurum
802 1207 950 1270 solemma
970 1206 1091 1286 pollice
1113 1208 1303 1270 decantaba-

162 1321 227 1390 iar,
249 1318 427 1393 intorques
450 1314 670 1374 matrimonium
693 1316 740 1372 est
761 1307 1006 1373 contrabendum.
1042 1308 1156 1381 Quibus
1178 1311 1303 1374 denun-

161 1417 335 1480 tiationibus
358 1414 454 1492 lactis,
479 1417 505 1476 si
528 1412 642 1476 nullum
663 1413 831 1495 legitimum
854 1407 1022 1493 opponatur
1042 1412 1302 1494 impedimentum,

159 1520 201 1583 ad
224 1519 457 1582 celebrationem
481 1519 660 1580 matrimonii
682 1519 714 1577 in
734 1514 812 1578 lacie
834 1515 987 1578 Ecclesiae
1009 1516 1196 1595 procedatur.
1208 1518 1237 1595 ²)

251 1620 302 1682 lll.
325 1620 521 1694 Quantumvis
548 1625 649 1682 autem
676 1618 809 1700 synodus
832 1619 1004 1682 Tridentino
1027 1625 1115 1682 enixe
1137 1620 1303 1700 desideret,

164 1743 206 1788 nc
226 1727 413 1787 matrimonia
433 1725 500 1784 stne
518 1725 648 1801 praeviis
662 1721 943 1802 proclamationibus
961 1723 1180 1804 contrabantur,
1204 1725 1304 1787 noluit

166 1833 267 1890 umen
295 1825 332 1888 ab
361 1828 398 1888 ils
426 1823 610 1887 validitatem
638 1828 817 1887 matrimonii
847 1824 1019 1904 dependere
1026 1871 1035 1904 ,
1067 1845 1165 1906 neque
1196 1845 1304 1890 earum

166 1933 360 2010 omissionem
381 1928 628 2008 impedimentum
652 1926 794 1990 dirimens
816 1943 896 2004 esse,
920 1932 962 1990 ull
985 1927 1148 1991 declaravit
1170 1929 1201 1994 S.
1218 1929 1252 1992 Ο.
1271 1930 1305 1992 0.

61 2059 75 2077 κ
168 2039 200 2096 et
227 2035 410 2096 unammiter
430 2031 540 2094 docent
571 2035 726 2106 auctorcs;
755 2048 794 2092 ex
823 2029 915 2092 altera
944 2036 1028 2109 parte
1056 2036 1157 2093 autem
1185 2038 1304 2094 certum

162 2141 226 2216 cst,
257 2138 479 2199 matrimonium
509 2137 575 2196 sine
596 2136 728 2214 praeviis
749 2131 1040 2212 denuntiationibus,
1071 2139 1130 2197 nisi
1153 2136 1238 2217 juste
1266 2136 1305 2196 de

164 2242 204 2302 iis
223 2243 265 2302 slt
279 2238 491 2320 dispensatum,
515 2253 584 2300 esse
607 2240 741 2320 graviter
758 2236 905 2316 illicilum,
929 2255 964 2298 ac
986 2237 1112 2316 proinde
1133 2241 1195 2300 tam
1210 2256 1305 2318 paro·

162 2340 255 2406 cluam
272 2347 464 2406 assistentem
487 2343 676 2406 matrimonio
699 2357 789 2421 quam
811 2342 901 2419 ipsos.
915 2338 1126 2404 contrahentes
1149 2341 1306 2404 latialiter

169 2461 307 2525 paccare,
329 2449 354 2508 si
378 2442 622 2507 denuntiationes
644 2443 830 2524 culpabiliter
850 2447 1036 2508 omittuntur.
1068 2443 1110 2507 lta
1131 2447 1308 2508 communi-

167 2553 222 2612 ter.
245 2543 377 2612 Sumitur
399 2545 457 2610 boo
480 2543 515 2622 1)
534 2559 573 2609 cx
595 2547 696 2609 verbis
720 2549 779 2609 tam
793 2545 882 2610 Cone.
896 2545 1031 2611 lateran.
1055 2565 1144 2628 quam
1158 2547 1305 2626 Tddeut,

166 2649 250 2734 quod
279 2651 435 2714 decretum
468 2653 616 2712 innovans
645 2650 738 2714 verba
774 2650 913 2714 similiter
943 2655 1146 2731 praeceptiva.
1162 2649 1307 2726 adbibet3

160 2754 199 2830 ¹2)
221 2771 263 2816 err
278 2757 428 2837 gravitate
449 2756 593 2816 materiae
616 2758 647 2814 et
659 2753 727 2816 linis
749 2757 900 2834 praecepti
906 2773 916 2828 ;
939 2751 975 2830 3)
993 2769 1033 2816 ex
1054 2759 1202 2836 gravitate
1225 2772 1306 2834 poe-

165 2875 288 2936 narum,
312 2873 387 2938 quas
409 2855 498 2918 Cone.
520 2855 581 2919 lat.
606 2859 638 2916 ct
658 2856 739 2918 Trid.
762 2857 1027 2938 contraagenlibus
1048 2855 1171 2940 indigit3
1203 2873 1306 2937 neque

165 2957 270 3036 relert,
292 2961 429 3038 mansis
451 2958 577 3020 subinde
600 2963 733 3035 constet,
761 2959 874 3022 nullum
897 2959 1143 3040 impedimentum
1166 2958 1304 3037 subesse,

165 3065 238 3143 quia
260 3061 311 3123 lex
332 3077 394 3124 non
416 3060 526 3123 desinit
549 3061 694 3144 obligare,
718 3066 819 3140 etiam,
843 3066 869 3124 si
892 3061 957 3142 ejus
979 3065 1055 3124 ratlo
1077 3066 1108 3122 in
1131 3062 1305 3141 particulari

164 3163 216 3226 laic
236 3170 269 3226 et
290 3181 371 3227 nunc
392 3169 500 3227 cesset.
542 3155 646 3228 Plures
668 3171 778 3241 umen,
802 3170 835 3226 ut
856 3164 999 3243 Sancbea,
1024 3164 1164 3242 Barbosa,
1189 3167 1306 3244 putant,

166 3271 361 3332 omissionem
383 3269 474 3330 unius
493 3271 607 3328 tantum
625 3267 859 3331 denuntiationis
881 3285 941 3330 non
958 3285 1027 3330 esse
1050 3272 1204 3349 peccatum
1219 3285 1307 3329 mor-

165 3370 236 3452 tale,
260 3371 315 3434 sed
336 3369 387 3434 alli
407 3374 441 3432 in
462 3367 521 3432 hoc
538 3385 610 3434 casu
628 3370 774 3450 judicant,
799 3369 887 3432 talem
906 3371 1067 3451 parochum
1084 3373 1219 3454 graviter
1235 3385 1306 3432 esse

167 3533 372 3552 h—-n——n
404 3545 406 3550 .

202 3639 224 3711 ¹)
242 3643 331 3714 Neque
347 3645 395 3714 ipsi
413 3642 592 3698 contrahentes
611 3649 744 3709 apeccato
762 3649 786 3694 et
799 3644 890 3710 poenis
908 3645 1032 3696 immunes
1049 3652 1116 3708 sunt
1133 3645 1155 3695 si
1172 3643 1229 3696 sine
1249 3657 1309 3712 pro-

237 3730 429 3784 clamationibus
447 3727 610 3793 contrahant,
628 3728 687 3780 licet
704 3729 891 3782 matrimonium
907 3729 1019 3784 validum
1037 3733 1085 3795 sit,
1103 3731 1152 3783 nisi
1170 3729 1240 3782 aliud
1258 3727 1306 3782 ob·

238 3821 287 3867 stet
304 3817 523 3884 impedimentum.

197 3915 221 3986 Ι)
239 3913 443 3982 „llatdrnonlum
462 3933 513 3968 nen
531 3915 606 3968 debet
623 3912 745 3968 celebrari
764 3931 795 3968 ro
813 3916 868 3982 die,
892 3933 942 3984 quo
960 3916 1049 3970 ultima
1067 3917 1228 3970 denuntiatio
1245 3919 1309 3972 lacta

239 4007 304 4058 curt
328 4003 401 4057 lustr.
421 4011 484 4073 past.
503 4001 573 4070 lipsi.
592 4019 616 4070 p.
636 4003 696 4056 362.Ὶ
713 4003 780 4056 enai.
799 4001 854 4058 Cas.
872 3998 981 4056 XLlllll.
1003 4045 1006 4052 ,
