2736 4660
495 243 576 298 oum
595 243 799 303 matrimoniales.
1131 219 1193 294 387

61 405 204 485 iereoda,
235 403 385 484 iidemque
408 403 480 482 titii,
509 403 581 466 licet
608 405 688 466 inter
716 400 831 464 nobiles
861 405 892 462 et
919 400 1073 482 legitimos
1101 415 1196 480 usque

60 515 133 572 tunc
156 492 263 586 hahiti,
290 509 401 592 jnrgus
429 513 459 570 et
486 509 651 568 inimicitiis
679 508 847 568 remansuri
869 508 972 596 essent
999 503 1140 579 obnoxii,
1171 505 1196 564 si
1305 576 1307 581 ἢ

60 613 154 676 iidem
183 609 476 693 deprehenderentur
500 609 667 691 illegitimi,
698 614 729 670 et
757 609 849 673 molto
878 611 991 690 magis,
1024 623 1091 668 eum
1122 605 1198 669 aiter

62 734 169 778 eorum
208 717 427 780 matrimonium
463 716 661 776 contraxisset
700 729 769 774 curo
805 710 916 774 femina
952 709 1043 772 nobili
1082 726 1197 794 genere

62 824 236 900 procreata,
260 837 277 880 a
300 835 356 897 qua
379 821 467 879 etiarn
491 815 602 878 liberos
624 813 782 891 habuerat,
806 812 947 895 idemque
969 813 1089 876 taudem
1109 811 1198 876 Guil-

62 919 359 996 ielmus‘conctusit‚
395 938 454 980 non
478 937 546 982 esse
567 916 761 980 dubitandum
784 917 822 980 de
845 921 1024 980 necessariis
1046 920 1198 997 requisitis

62 1045 118 1106 pro
142 1026 219 1091 dicta
242 1024 464 1105 dispensatione
492 1019 671 1096 obtinenda,
704 1038 772 1082 cum
800 1023 944 1100 requisita
974 1025 1138 1084 consistant
1166 1025 1197 1084 in

63 1147 175 1212 magua
199 1134 229 1188 et
251 1132 370 1211 urgenti
394 1144 501 1204 causa,
524 1125 642 1204 qualern
659 1127 707 1184 ait
728 1140 796 1184 esse
819 1140 901 1202 eam,
926 1142 1004 1204 quae
1027 1126 1117 1188 modo
1140 1144 1199 1186 ex-

63 1237 161 1311 posita
191 1237 255 1309 est,
289 1235 361 1294 item
390 1233 421 1292 in
451 1245 507 1305 eo,
540 1225 619 1308 quod
651 1225 750 1305 proles
779 1233 917 1306 suscepta
947 1227 1039 1290 suerit
1070 1247 1130 1290 non
1160 1247 1199 1290 ex

64 1333 171 1413 copula
192 1333 348 1397 manifeste
371 1332 544 1406 fornicaria,
569 1330 622 1392 sed
643 1348 682 1390 ex
700 1329 806 1409 copula
825 1335 957 1410 putative
978 1333 1198 1410 matrimoniali,

63 1439 183 1517 qualem
205 1441 303 1517 inquit
325 1437 417 1500 luisse
439 1435 536 1512 illam,
559 1449 648 1512 quarn
665 1431 768 1494 hahuit
784 1451 852 1494 cum
870 1431 1029 1513 Ludmilla,
1054 1453 1122 1498 cum
1140 1453 1199 1515 qua

64 1545 285 1606 matrimonium
311 1539 400 1601 modo
425 1536 576 1617 praedicto
600 1539 763 1612 contraxit,
792 1539 822 1598 et
843 1534 961 1598 demum
984 1541 1016 1600 in
1039 1556 1094 1617 co,
1118 1535 1199 1618 quod

65 1647 303 1714 matrimonium,
332 1661 371 1702 ex
398 1658 457 1722 quo
486 1639 586 1720 proles
614 1637 806 1721 legitimanda
835 1645 900 1702 orta
928 1646 991 1716 est,
1019 1657 1080 1704 non
1107 1639 1199 1702 suerit

65 1747 180 1810 nullum
203 1746 241 1808 oh
262 1743 506 1828 impedimentmn
525 1743 602 1822 Joris
625 1741 735 1824 divini,
760 1743 808 1804 vel
829 1743 985 1822 naturalis,
1010 1743 1065 1806 sed
1083 1749 1199 1807 tantum

65 1856 186 1931 propter
201 1849 447 1928 impedimentum
465 1845 543 1928 legis
561 1845 798 1926 ecclesiasticae,
823 1848 911 1928 quale
935 1853 980 1910 esi
998 1847 1202 1928 impedimen-

64 1961 128 2016 tum
157 1952 344 2015 descendens
366 1969 407 2012 cx
428 1948 547 2010 deiectu
569 1949 708 2028 parochi,
739 1955 769 2011 et
792 1951 877 2032 juxta
906 1968 1097 2014 communem
1126 1971 1201 2016 sen·-

66 2061 189 2120 teniium
217 2055 400 2134 dispensatio
431 2051 504 2114 hacc
532 2059 563 2116 in
593 2053 704 2116 radice.
722 2057 902 2116 matrimonii
930 2054 1117 2137 legitimatos
1148 2073 1202 2136 per

63 2159 244 2222 indirectum
274 2157 366 2220 efficit
394 2173 520 2235 capaces
548 2160 789 2231 successionum,
820 2162 908 2220 etiarn
932 2161 962 2219 in
986 2163 1074 2222 terris
1102 2160 1202 2224 nulia-

66 2269 155 2323 tenus
178 2266 209 2320 in
232 2259 445 2340 temporalibus
468 2259 617 2322 Romanae
640 2259 711 2321 Sedi
733 2260 892 2341 subjectis3
922 2264 953 2322 in
976 2261 1201 2342 dispensatione

65 2370 177 2446 quippe
201 2383 271 2429 mox
294 2370 457 2430 memorata
476 2363 638 2444 abrogatur
656 2363 706 2424 lex
726 2363 945 2441 ecclesiastica,
970 2382 1047 2444 quae
1069 2368 1201 2447 impedi-

65 2473 200 2530 mentum
228 2466 361 2542 induxit‚
391 2473 421 2528 et
444 2465 548 2528 cadem
572 2464 778 2529 retrotrahitur
807 2467 843 2528 ad
866 2470 984 2528 initium
1008 2474 1199 2549 matrimonii,

65 2590 134 2634 curn
159 2571 234 2650 Papa
257 2571 354 2634 valeat
376 2571 476 2653 legem
497 2568 736 2632 Ecclesiasticarn
763 2574 883 2632 irritare
913 2576 943 2633 et
965 2589 1111 2636 revocare
1139 2592 1201 2638 non

66 2680 182 2738 tanturn
201 2655 298 2753 quoad
315 2677 513 2752 imposterum
532 2678 688 2734 secuturos
708 2669 843 2754 effectus,
866 2692 905 2736 ne
923 2679 1122 2755 incurrantur,
1145 2677 1199 2740 sed

66 2782 158 2840 etiam
181 2777 279 2857 quoad
303 2776 426 2840 euectus
448 2781 536 2840 antea
558 2782 688 2840 secutos.

152 2879 261 2942 Preces
289 2878 344 2941 hae
373 2877 523 2942 Guiilalmi
552 2878 673 2942 inerunt
702 2880 864 2960 aSrrrnmo
887 2879 1030 2944 Pontifice
1059 2881 1096 2946 ad
1126 2879 1202 2946 hanc

66 2984 95 3047 S.
125 2984 278 3066 congreg.
306 2986 470 3058 remissae3
502 3000 629 3062 cumque
653 2985 741 3065 Juxta
770 3001 883 3046 morem
914 2983 990 3046 datis
1019 3003 1073 3065 pro
1101 2986 1203 3048 infor-

67 3091 199 3148 matione
222 3086 330 3148 titteris
353 3084 390 3148 ad
408 3084 592 3166 Archiepisc.
612 3085 792 3169 Pregensem
814 3086 864 3148 hic
885 3087 1105 3169 respondisset,
1130 3092 1202 3154 nul-

67 3191 128 3254 lum
152 3189 190 3250 de
213 3189 292 3252 iacto
315 3193 536 3252 matrimonium
566 3191 659 3254 luisse
687 3209 705 3252 a
729 3187 887 3254 Guillelnro
917 3210 1018 3256 coram
1045 3193 1202 3256 sacerdote

67 3299 272 3371 contractum,
306 3311 373 3357 cum
402 3311 458 3354 nec
487 3311 595 3356 nornen
625 3294 690 3376 ejus
718 3293 895 3372 patefaciat,
925 3313 981 3358 nec
1010 3302 1120 3375 testes,
1150 3302 1202 3378 qul

67 3399 257 3462 matrimonio
285 3396 504 3474 interfuerunt,
538 3403 568 3459 et
594 3397 770 3460 Ludrnillam
801 3414 921 3476 semper
949 3395 1078 3462 habitam
1107 3399 1202 3464 inisse

67 3519 121 3581 pro
144 3499 328 3576 concubina,
359 3503 400 3562 ita
429 3505 461 3560 ut
491 3499 584 3564 tactae
612 3501 724 3564 tuerint
753 3505 934 3562 monitiones
962 3519 1016 3580 pro
1039 3521 1075 3566 ea
1098 3504 1203 3566 dimit-

69 3604 174 3682 tenda,
197 3609 248 3668 aut
266 3607 298 3666 in
316 3619 443 3667 uxorem
463 3603 614 3683 ducenda,
638 3621 698 3667 non
720 3603 898 3666 destiterunt
921 3602 1095 3669 defensores
1115 3605 1202 3670 ouri-

68 3709 149 3770 telmi
175 3707 355 3788 praedictam
377 3707 619 3770 informationem
647 3711 838 3788 impugnare,
870 3712 973 3786 utpote
1000 3727 1057 3771 suo
1086 3716 1202 3791 princi-

68 3811 127 3892 pali
150 3810 286 3879 inaudito
310 3815 479 3890 exaratam,
510 3808 670 3874 afferentes
694 3815 785 3872 testes
808 3808 993 3890 deponentes
1021 3812 1059 3874 de
1081 3815 1201 3896 parochi
1300 3845 1306 3852 ·

68 3915 238 3980 deficientia
260 3919 291 3978 in
310 3915 375 3978 loco
394 3913 488 3978 Tman
510 3918 643 3995 tempore
666 3915 810 3976 contracti
833 3917 1031 3996 matrimonii,
1055 3919 1202 3984 solemnia

69 4018 262 4102 producendo
279 4019 450 4103 juramenta
473 4025 534 4085 turn
550 4016 714 4097 Guiilalmi,
738 4035 824 4098 quam
841 4016 1004 4090 Ludmitlae
1026 4020 1064 4082 de
1085 4040 1135 4102 re,
1159 4027 1202 4086 uti

925 4117 993 4188 25*
