2764 4664
61 85 67 94 ·
155 115 220 186 264
519 129 557 182 lle
574 129 752 187 celebratione
770 127 929 202 Nuptiarum.

157 295 363 368 contractum,
391 306 479 370 quem
501 289 561 350 seit
581 306 598 350 a
621 286 864 352 contrahentibus
886 287 1035 372 sacrilege
1057 287 1152 351 inlri“
1157 306 1167 364 3
1195 302 1298 368 acque

157 413 198 458 cx
219 412 275 472 eo,
305 392 387 475 quod
409 393 571 456 Decretum
594 390 684 454 Cone.
708 391 839 454 Trident.
864 389 903 454 de
925 393 1122 452 matrimoniis
1150 387 1298 453 clandes-

157 500 227 560 tinis
248 499 280 560 iu
302 497 402 578 aliquo
431 494 498 558 loco
527 511 587 558 non
615 499 662 558 est
684 492 883 574 puhhcatum,
912 492 1043 574 ideoque
1064 491 1213 576 parochus
1235 508 1299 555 non

151 605 204 664 est
227 603 310 662 testis
332 597 553 662 authorisabilis
575 603 606 660 et
627 601 817 660 necessarius
839 596 876 660 ad
895 601 1075 660 matrimonii
1099 595 1296 674 validitatem,

156 705 223 768 talis
252 705 420 768 assistentia
451 700 567 763 facilius
597 705 695 780 potest
729 699 842 762 admitti
849 719 858 776 ;
895 718 1023 782 namque
1053 699 1212 778 sacerdos,
1244 701 1297 781 qui

155 809 257 872 notice
278 809 393 868 assistit
416 807 625 881 matrimonio,
656 806 676 866 i.
700 821 726 864 e.
750 807 882 884 exquirit
905 821 1086 867 consensum
1109 801 1298 866 contrahen-

155 913 240 988 tium,
264 911 376 989 nuptiis
387 906 537 971 benedicit
558 913 615 970 etc.
641 911 741 968 manet
762 905 859 968 adhuc
882 910 1027 986 positivus
1055 911 1237 989 cooperator
1259 905 1297 968 ad

155 1012 319 1076 solemnem
341 1013 431 1073 ritum
456 1013 647 1088 matrimonii,
672 1027 710 1073 ax
727 1009 798 1090 jure
820 1015 920 1074 autem
943 1009 1069 1073 naturali
1092 1027 1182 1074 nemo
1196 1013 1297 1090 potest

156 1117 310 1196 cooperari
333 1117 456 1194 peccato
480 1115 618 1192 proraimi,
644 1117 762 1175 etiamsi
785 1112 861 1175 alter
883 1119 1046 1194 peccatum.
1062 1118 1153 1177 etiam
1176 1117 1297 1176 interne

151 1217 214 1300 jam
236 1221 323 1280 antea
346 1219 614 1290 consummaverit3
637 1223 793 1296 praetcrea
816 1223 849 1280 ut
871 1215 960 1280 docet
982 1216 1011 1281 S.
1035 1217 1118 1302 Lig.,
1145 1213 1297 1299 parochus

155 1326 276 1384 tenetur
297 1320 479 1402 exjustitia,
510 1337 550 1382 ex
572 1324 727 1382 contractu
748 1323 825 1383 inito
848 1340 916 1384 cnm
939 1321 1167 1400 Communium,
1197 1339 1213 1382 a
1236 1335 1296 1400 qua

154 1423 333 1508 stipendium
367 1427 490 1504 accipit,
521 1423 696 1486 incumbere
726 1423 813 1488 saluti
849 1425 994 1506 spirituali
1025 1443 1147 1488 suarum
1178 1427 1293 1500 ovium,

154 1546 206 1592 eas
227 1525 411 1590 advertendo
434 1545 450 1588 a
473 1529 603 1607 pcccatis
612 1522 649 1604 ¹),
671 1531 845 1608 inquantum
867 1533 900 1590 in
922 1546 956 1591 se
971 1534 1025 1592 est.
1070 1527 1171 1589 Potest
1194 1531 1294 1588 nmen

150 1635 236 1716 juxta
259 1629 288 1694 S.
312 1629 388 1714 Lag,
413 1627 560 1710 parochus
583 1632 735 1692 excusari
742 1675 751 1708 ,
777 1636 920 1695 assistens
943 1632 993 1694 tali
1017 1633 1223 1708 matrimonio,
1256 1627 1294 1690 ad

155 1733 305 1799 vitandam
339 1736 484 1808 mortem,
518 1731 567 1794 vel
600 1733 657 1796 alia
689 1738 829 1816 graviora
864 1736 939 1800 mala
971 1737 1207 1811 communitatis,
1244 1732 1296 1794 vel

155 1841 288 1922 ipsorum
311 1833 567 1914 contrahentium,
592 1843 679 1918 puta,
703 1853 741 1897 ne
762 1842 820 1919 ipsi
843 1845 1037 1920 perseverent
1066 1843 1098 1900 in
1121 1832 1295 1917 peccat02).

244 1939 293 2005 lV.
317 1938 375 2004 Sed
399 1943 424 2001 si
448 1957 525 2001 uirus
541 1956 579 2000 er
597 1943 717 2019 sponsis
736 1945 816 2002 esset
837 1946 993 2012 innocens,
1018 1945 1069 2003 aut
1090 1943 1122 2002 in
1137 1939 1295 2002 meliorem

153 2049 245 2109 vitam
268 2047 413 2121 ulutatus,
445 2043 493 2104 vel
515 2047 635 2123 paratus
665 2042 700 2104 ad
724 2042 946 2108 Sacramentum
970 2047 1172 2126 poenitentiae
1195 2041 1296 2105 dehita

154 2148 353 2228 dispositione
382 2145 620 2226 suscipiendum,
654 2146 726 2227 quid
761 2151 834 2210 tune
865 2147 1042 2232 agendum?
1076 2149 1163 2228 Garp
1194 2144 1295 2224 docet,

154 2254 301 2314 minorem
323 2250 389 2313 iore
408 2247 613 2311 difficultatem
636 2254 669 2312 in
685 2249 742 2312 hoo
754 2268 836 2326 casu,
859 2257 928 2332 quia
946 2256 1017 2313 tunc
1030 2249 1137 2312 liceret
1151 2247 1295 2330 parocho,

65 2425 72 2430 ,
152 2355 342 2418 matrimonio
372 2355 515 2415 assistere
544 2356 575 2416 iu
606 2352 740 2415 favorem
773 2357 962 2430 innocentis;
991 2352 1045 2415 scd
1075 2353 1155 2416 idem
1189 2357 1298 2414 auctor

153 2461 258 2522 censet
280 2474 346 2518 cum
371 2454 399 2520 S.
424 2455 507 2540 hig,
530 2473 671 2538 sponsum
694 2461 888 2520 innocentem
911 2462 1009 2540 ipsum
1031 2456 1213 2540 regulariter
1234 2473 1298 2518 non

153 2577 244 2644 posse
266 2563 332 2622 sine
355 2563 440 2642 gravi
471 2566 594 2642 peccato
618 2565 838 2625 matrimonium
866 2565 944 2622 inire
967 2577 1035 2622 cum
1058 2560 1152 2622 altero
1175 2558 1297 2640 pubhco

128 2729 132 2744 Ι
157 2669 324 2747 peccatore,
347 2662 452 2727 saltem
475 2667 501 2726 si
525 2680 653 2744 sponsus
676 2663 752 2726 alter
774 2669 812 2727 sit
834 2663 978 2747 indignus
990 2661 1029 2724 ob
1040 2661 1161 2744 aliquod
1185 2679 1297 2742 pccca-

155 2765 263 2846 tami),
295 2770 365 2848 quia
388 2784 447 2829 non
471 2765 540 2828 licet
570 2771 707 2830 ministro
737 2767 875 2831 conierre
898 2767 1122 2832 Sacramentum
1151 2764 1297 2850 indigam

184 2973 207 3040 ¹)
225 2971 343 3024 henrich.
368 2977 427 3022 tona
447 2971 471 3022 3.
491 2988 515 3038 p.
536 2971 576 3024 17.
595 2971 619 3024 S.
638 2970 690 3042 Lig.
709 2989 733 3024 u.
753 2973 794 3026 bd.
830 2971 909 3024 llomo
927 2971 974 3039 Ap.
998 2979 1029 3022 tr.
1050 2968 1090 3039 id⁸
1111 2987 1136 3023 u.
1156 2969 1179 3022 d.
1199 2975 1298 3040 etseq.

223 3056 292 3123 Gany
313 3055 386 3108 litt.
406 3054 499 3107 Bened.
513 3055 576 3108 xli.
598 3055 634 3108 De
653 3057 741 3124 synod.
762 3057 847 3111 Dioec.
867 3058 908 3111 tib.
927 3059 951 3110 8.
971 3075 992 3110 c.
1013 3057 1053 3110 tl.
1072 3073 1096 3109 u.
1116 3059 1140 3108 5.

181 3141 291 3210 ¹)„Aut
310 3143 331 3194 si
355 3143 441 3206 spousi
466 3140 518 3207 jam
543 3139 593 3193 sint
618 3143 745 3208 conjuncti
764 3145 887 3212 civiliter,
916 3147 984 3197 utin
1004 3141 1083 3196 Gallia
1102 3143 1206 3194 evenire
1224 3141 1297 3200 solet,

222 3243 280 3281 cum
299 3228 486 3278 matrimonium
504 3229 579 3280 civile
598 3229 686 3280 debeat
710 3229 905 3282 ecclesiasticum
930 3225 1091 3298 praecedere.
1128 3227 1211 3294 hlnjus
1229 3231 1298 3281 euim

222 3313 316 3365 malum
336 3312 468 3384 majusque
480 3313 626 3365 scandalum
646 3333 677 3367 or
696 3317 830 3368 fornicaria
841 3316 1025 3369 cohabitatione
1038 3323 1195 3384 sequeretur.
1215 3316 1296 3382 Gany,

221 3399 251 3451 1).
271 3399 299 3451 D.
319 3399 440 3460 Boncier,
458 3400 574 3452 Gonsset.
592 3431 626 3439 -
645 3399 674 3454 D.
692 3401 722 3453 D.
740 3401 857 3454 henrich.
877 3403 951 3453 etiam
970 3409 1074 3453 excusat
1093 3400 1196 3468 parochi
1216 3403 1297 3452 assis·

223 3489 335 3551 tentiam,
354 3487 374 3536 si
393 3485 530 3537 timendum
548 3487 588 3550 rit,
606 3504 638 3538 ne
658 3488 779 3540 accedant
798 3487 829 3539 ad
843 3491 1001 3556 magistratus
1016 3487 1056 3540 vel
1072 3503 1212 3556 praecones
1231 3487 1296 3540 bae-

223 3573 341 3635 reticos‘l,
360 3571 426 3641 quod
445 3573 526 3622 miuus
546 3571 676 3640 probabile
695 3589 751 3626 esse
769 3573 876 3626 videtur.

180 3657 203 3726 ⁸)
222 3657 247 3710 S.
258 3657 291 3708 ti.
311 3658 347 3708 sic
358 3656 499 3727 distinguit:
518 3657 574 3722 „Ex
583 3659 675 3725 duplici
685 3661 767 3726 capite
785 3660 839 3712 talis
854 3659 990 3728 indignitas
1009 3666 1090 3726 potest
1107 3661 1245 3728 provenire
1257 3661 1297 3714 uel

223 3743 522 3796 abcrcommunicatione
534 3744 574 3796 vel
585 3745 671 3814 clipeo
682 3747 926 3815 mortalipeocctoi‘.
945 3745 1014 3798 flacc
1027 3745 1161 3810 distinctio,
1170 3755 1198 3798 ut
1208 3749 1239 3799 sit
1249 3747 1294 3800 ad·

170 3839 173 3850 ’
223 3829 353 3895 mittenda,
371 3831 407 3880 sic
417 3831 514 3881 estsine
527 3829 604 3882 dubio
613 3831 784 3902 intelligenda,
796 3835 861 3884 utsii
869 3831 958 3903 aliquis
969 3834 1200 3885 excommunicatus
1212 3835 1236 3884 ia
1246 3832 1297 3884 toro

224 3923 337 3982 externo,
349 3918 408 3986 quin
417 3915 449 3968 ob
456 3916 596 3984 peculiares
606 3920 803 3972 circumstantias
814 3927 917 3990 peccato
926 3921 999 3991 graui
1011 3921 1041 3972 rit
1051 3920 1225 3975 obnoxium-
1235 3918 1296 3972 liiuc
