2736 4660
543 173 736 262 normata-am.
1153 161 1213 232 tlt

76 332 170 396 falum
194 336 232 396 stt
254 332 418 412 occultum,
449 337 479 394 et
502 338 652 414 separatio
675 339 828 398 oratorum
851 333 917 396 lieri
940 351 1001 396 non
1023 338 1119 416 possit
1141 334 1214 396 abs-

77 435 304 522 quassandum,
328 453 395 498 cnm
411 435 517 512 eodem
532 435 766 498 misericorditer
780 433 976 516 dispenses,¹)
995 443 1038 513 ut,
1057 442 1216 502 certiorate

77 539 205 600 mutere
229 538 266 599 de
290 538 425 600 nullitate
448 542 555 617 prioris
578 555 743 599 consensus
766 537 819 600 sed
841 543 881 600 ita
898 545 994 614 caute,
1018 546 1049 600 ut
1072 539 1214 604 delictum

77 645 137 702 viri
162 640 410 722 nondelegatur,
435 646 563 720 uterque
585 644 666 701 inter
688 659 722 702 se
744 648 872 719 secrete,
895 648 1068 724 praemissis
1088 644 1217 706 nonob-

77 743 242 822 stantibus,
283 741 479 820 contrahere,
520 747 550 802 et
581 747 612 802 in
644 760 681 804 eo
715 745 905 824 postmodum
937 763 1094 808 remanere
1133 747 1216 808 licite
1244 751 1249 758 “

76 845 213 922 valeant,
246 845 360 926 prolem
389 845 511 906 insimul
542 851 709 924 susceptam
740 853 770 905 et
801 847 1022 927 suscipiendam
1053 849 1214 932 legitimam

76 946 258 1012 declarando
286 949 317 1008 in
340 949 407 1010 loro
431 951 647 1020 conscientiam
679 949 766 1010 nullis
789 968 880 1030 super
901 950 947 1012 his
977 951 1104 1012 testibus
1127 950 1216 1014 adhi-

76 1052 161 1129 bins,
191 1055 242 1112 aut
272 1049 378 1112 litteris
407 1049 583 1126 datisssed
612 1052 818 1130 praesentibus
845 1052 999 1130 laceratis,
1032 1053 1086 1114 sub
1117 1072 1216 1134 poena

78 1171 234 1216 censurae.
280 1149 312 1212 ln
336 1169 464 1232 quorum
487 1151 592 1230 iidem,
616 1157 769 1232 utsupra.

77 1378 106 1442 t)
117 1372 311 1436 Formula²l
330 1371 602 1446 dispensationis
614 1372 832 1448 episcopalia
846 1373 963 1448 vigore
982 1375 1143 1445 specialis
1162 1377 1211 1436 fa·

78 1459 234 1532 cantatis,
258 1459 293 1516 et
315 1459 415 1534 quasi
432 1457 603 1531 privilegii
620 1459 743 1532 factae,
762 1472 826 1530 pro
849 1459 925 1518 foro
944 1461 1088 1518 externo
1108 1474 1214 1532 super

94 1543 346 1616 impedimento
364 1543 675 1618 consanguinitatis
693 1544 853 1604 intortio
873 1547 907 1603 et
926 1547 1049 1618 quarto
1067 1545 1185 1620 gradu.

210 1795 264 1856 Dei
287 1799 319 1856 et
339 1794 532 1876 Apostolicae
554 1693 763 1860 glasisddrffiia
776 1796 942 1876 Episcopus
964 1796 1000 1856 N.
1023 1803 1080 1860 ctc.

233 1895 363 1979 Josepho
385 1897 420 1962 N.
444 1899 574 1979 parocho
596 1903 626 1960 in
651 1899 686 1962 Ν.
711 1901 836 1962 salutem
859 1903 891 1962 in
915 1899 1057 1962 Domino!

162 2049 285 2113 Oblatae
311 2047 404 2114 Nobis
434 2069 529 2130 nuper
551 2069 590 2112 ex
619 2057 702 2132 parte
732 2051 908 2114 devotorum
936 2049 1094 2114 Oratomrn
1127 2051 1213 2114 Cast-

75 2157 145 2216 miri
168 2152 202 2216 N.
227 2153 307 2216 Laioi
331 2159 361 2214 et
381 2153 488 2215 Annae
510 2153 557 2232 N.7
582 2155 738 2216 Dioeoesis
762 2153 889 2217 Nostrae
912 2153 958 2230 N„
983 2153 1143 2234 parochiae
1165 2153 1213 2234 Ν.,

74 2262 230 2338 petitionis
253 2259 348 2318 series
371 2258 559 2331 continebam
582 2255 678 2337 quinti,
703 2275 769 2317 cum
794 2255 871 2318 dicta
895 2261 1007 2317 oratrix
1030 2257 1132 2318 dolcnr
1155 2255 1214 2321 ha-

74 2362 150 2423 bens
173 2365 271 2422 minus
295 2367 515 2439 competentem
535 2361 623 2441 juxta
646 2364 740 2420 status
764 2363 809 2420 sui
825 2361 1038 2435 conditionem,
1063 2379 1131 2421 oum
1154 2379 1213 2441 qua

74 2471 172 2524 virum
196 2463 250 2524 sibi
274 2482 334 2524 non
358 2467 618 2546 cnrrsauguineum
638 2461 686 2523 vel
709 2457 829 2522 allinem
848 2467 927 2543 paris
946 2461 1138 2532 conditionis,
1162 2471 1210 2526 cui

74 2565 190 2627 nubere
214 2569 316 2644 possit,
340 2570 477 2626 invenire
501 2569 637 2645 nequeat,
663 2569 693 2624 et
716 2563 812 2625 dictus
836 2570 936 2626 orator
959 2583 1026 2626 cum
1051 2565 1127 2628 dicta
1152 2571 1213 2627 mi-

73 2686 131 2730 nus
165 2673 353 2746 competente
391 2667 462 2730 dole
496 2667 661 2729 Oratricem
694 2671 724 2726 in
757 2683 883 2728 uxorem
916 2665 1027 2728 ducere
1064 2669 1211 2750 intendat,

74 2775 200 2850 cupiunt
222 2769 364 2832 Oratores
393 2771 515 2850 praelati
539 2773 669 2830 invicem
698 2767 957 2830 matrimonialiter
978 2770 1111 2850 copulari
1120 2789 1129 2845 3
1159 2769 1212 2832 sed

19 2915 21 2920 -
74 2877 144 2954 quia
171 2878 258 2934 tertio
282 2879 312 2934 ct
335 2879 441 2954 quarto
464 2893 481 2935 a
505 2877 655 2935 communi
680 2875 779 2950 stipite
803 2871 1048 2951 provenientibus
1071 2871 1213 2954 gradibus
1270 2912 1272 2917 -

72 2981 205 3038 invicem
228 2958 379 3056 conjuncti
403 2981 480 3054 sunt,
506 2973 687 3038 desiderium
710 2993 797 3036 sunm
811 2973 867 3036 liae
887 2977 919 3034 iu
945 2979 1025 3052 parte
1048 2975 1211 3056 adiinplere

72 3097 135 3140 non
161 3083 285 3158 possunt
308 3077 420 3160 ubsque
443 3079 676 3158 dispensatione.
722 3076 822 3150 Quare
844 3075 937 3138 Nobis
960 3075 1114 3138 humiliter
1136 3096 1212 3158 sup-

72 3183 177 3261 plicari
201 3179 352 3258 iecerunt,
386 3185 533 3261 quatenus
563 3179 677 3258 eisdem
700 3183 731 3241 in
761 3185 934 3261 praemissis
958 3177 995 3240 de
1027 3187 1213 3260 opportunae

71 3285 307 3364 dispensationis
330 3283 465 3344 remedio
489 3283 526 3344 dc
548 3284 733 3365 benignitate
756 3288 858 3343 nostra
882 3282 1042 3362 providere
1068 3282 1214 3364 dignare-

72 3440 281 3449 *—

101 3527 123 3592 ¹)
142 3523 249 3588 Quando
274 3524 433 3594 dispensatur
457 3526 482 3576 in
507 3523 592 3576 radice
611 3525 781 3586 matrimonii,
805 3525 842 3574 sic
860 3524 913 3574 lere
939 3525 1133 3590 exprimendum
1153 3527 1213 3576 erit:

141 3610 357 3674 „misericorditer
375 3611 515 3678 dispenses
535 3619 559 3660 et
577 3627 651 3664 sanes
669 3611 854 3662 matrimonium
873 3611 899 3660 in
918 3609 1018 3674 radice,
1037 3613 1087 3674 ita,
1107 3619 1149 3672 ut,
1170 3628 1213 3662 re-

142 3705 234 3750 novato
253 3713 379 3760 consensu
399 3698 430 3750 ab
449 3695 561 3757 Oratore,
581 3700 641 3766 quin
660 3706 744 3748 temen
760 3695 850 3746 mulier
868 3694 899 3746 de
911 3695 1024 3748 nullitate
1043 3698 1131 3763 prioris
1149 3712 1213 3747 con-

144 3799 235 3834 sensus
260 3786 421 3846 certioretur,
444 3785 471 3834 in
494 3785 653 3836 matrimonio
680 3781 838 3850 postmodum
862 3797 995 3834 remanere
1018 3781 1084 3833 licite
1103 3782 1212 3842 valeant,

142 3867 238 3938 prolem
258 3869 356 3922 insimul
375 3868 528 3922 declarando
545 3870 684 3938 legitimum
703 3863 729 3920 in
748 3868 803 3920 loro
821 3871 1001 3934 conscientiae,
1020 3877 1065 3921 eto.
1081 3907 1087 3921 .
1102 3907 1108 3922 .
1125 3872 1160 3920 .“

99 3957 123 4024 ²)
141 3952 217 4006 Juxta
235 3954 363 4008 Reiffenst
382 3955 494 4024 append.
511 3957 536 4020 5.
558 3955 596 4008 tn.
615 3971 640 4007 n.
660 3957 718 4009 507.
