2758 4664
214 267 274 336 194
581 285 619 338 lle
638 283 727 350 (lausia
745 285 978 340 matrimonialibus.

211 463 328 522 causae,
353 447 473 508 monitis
495 449 525 504 et
547 441 816 520 commutatione¹)
839 449 870 506 et
892 444 1027 526 injuncta
1050 449 1346 525 poenitentiasaora-

210 549 331 610 mentali
362 565 414 627 pro
444 550 573 626 peccatis
600 552 760 625 poenitens
789 547 960 612 absolvatur
989 551 1070 628 prius
1102 553 1291 630 apeccatis,
1320 555 1346 610 et

174 647 175 650 ’
209 659 279 714 tuno
302 651 491 730 dispensetur
512 647 570 712 boc
593 649 702 714 modo:
733 650 806 710 ltetn
835 655 1015 714 auctoritate
1036 652 1200 730 apostolica
1216 655 1346 732 specia-

208 755 279 817 liter
301 753 371 814 mibi
393 750 529 835 delegata
553 757 655 814 votum
678 757 840 828 castitatis,
863 755 943 834 quud
966 757 1102 831 emisisti,
1126 753 1165 818 ad
1188 753 1343 833 ellectum,

207 863 241 921 ut
271 861 492 920 matrimonium
522 854 699 926 contrahere
728 862 798 932 (seu
820 861 851 918 in
881 861 1035 925 contractu
1058 860 1250 920 matrimonio
1275 877 1346 938 per-

207 966 344 1040 manere)
372 979 407 1022 ac
429 957 560 1020 debitum
583 958 742 1040 conjugale
765 958 891 1022 reddere
921 965 952 1020 et
974 962 1101 1042 exigere
1124 957 1205 1020 licito
1228 961 1343 1039 valeas,

206 1065 243 1128 in
261 1083 351 1146 opera
374 1063 426 1124 tibi
451 1065 633 1144 praescripta
656 1060 857 1140 dispensando
880 1067 1044 1140 commuto,
1067 1065 1234 1126 innomine
1250 1062 1344 1124 Patris

206 1175 262 1231 etc.
308 1167 410 1230 Passio
434 1166 554 1228 Domini
577 1167 670 1226 nostri
693 1162 766 1225 Jesu
790 1162 900 1228 Christi
923 1162 1019 1250 etc.²)

723 1399 751 1465 d.
772 1393 824 1459 49.

405 1568 442 1632 be
465 1566 659 1652 dispensatione
682 1563 923 1650 inpedimentorum
945 1565 1129 1634 dirimendum.
1224 1644 1230 1652 ι

499 1737 526 1807 1)
545 1739 597 1797 De
615 1737 787 1812 potestate
806 1737 1040 1812 dispensandi.
1086 1829 1090 1834 ⁸

287 1871 309 1932 l.
332 1869 472 1949 Sequitur
502 1887 540 1932 ex
568 1873 689 1931 notione
718 1868 795 1951 legis
825 1869 1047 1930 ecclesiasticae
1075 1848 1276 1945 universalis,
1315 1873 1347 1932 ut

208 1979 288 2056 Papa
311 1979 341 2036 et
362 1974 444 2036 solus
467 1966 576 2052 Papa³)
600 1977 693 2052 possit
706 1971 783 2048 jure
803 1973 933 2052 proprio
956 1957 1129 2052 dispensare
1153 1970 1191 2032 de
1203 1971 1345 2035 omnibus

205 2079 428 2160 impedimentis
451 2093 490 2137 ex
507 2077 577 2156 Jure
600 2074 803 2136 ecclesiastico
827 2073 1043 2154 dirimentibus,
1068 2073 1345 2165 etquidemvulide

200 2188 233 2244 in
256 2186 335 2245 omni
358 2199 440 2258 casu,
464 2183 532 2258 quia
555 2181 713 2258 primarius
736 2180 874 2256 superior
896 2181 951 2255 est,
977 2184 1007 2238 et
1029 2179 1126 2254 licite,
1149 2181 1175 2240 si
1199 2177 1238 2240 de
1257 2179 1342 2259 justa

200 2303 289 2349 causa
312 2284 481 2364 dispenset3
511 2281 568 2344 boc
597 2284 678 2344 enim
706 2287 789 2368 recta
814 2280 992 2365 gubernatio
1016 2285 1151 2364 requirit.
1196 2280 1342 2362 Episcopi

199 2395 299 2451 autem
326 2393 357 2449 in
379 2385 461 2447 hisce
490 2384 710 2465 impedimentis
734 2401 832 2466 neque
854 2387 892 2446 de
905 2383 982 2460 jure
1002 2386 1133 2464 proprio
1156 2403 1257 2466 neque
1280 2405 1343 2446 or-

198 2493 319 2556 dinarie
342 2495 468 2571 possunt
491 2487 673 2567 dispensare.
705 2487 791 2550 Ratio
806 2493 914 2574 prioris
939 2509 991 2572 per
1014 2506 1048 2552 se
1071 2494 1165 2568 patet,
1188 2492 1259 2570 quia
1284 2492 1342 2549 in-

197 2593 290 2656 ferior
312 2613 371 2656 non
395 2595 492 2672 potest
515 2591 689 2670 dispensare
711 2589 748 2650 de
769 2590 840 2674 lege
863 2596 1040 2674 superioris3'
1063 2596 1139 2653 ratio
1155 2595 1340 2672 posterioris

196 2705 297 2760 autem
321 2702 386 2776 est,
419 2700 488 2776 quia
511 2711 610 2774 neque
633 2711 672 2754 ex
694 2697 892 2758 concessione
915 2695 1041 2759 Concilii
1063 2693 1260 2758 Oecumenici
1286 2697 1338 2758 vel

196 2800 301 2881 Papae,
326 2817 425 2880 nequa
448 2815 488 2859 ex
509 2795 727 2860 consuetudine
749 2796 874 2858 tolerata
896 2795 1035 2878 Episcopi
1062 2799 1113 2880 jus
1136 2795 1336 2876 dispensandi

221 3039 243 3105 ¹)
263 3037 434 3090 communiter
452 3035 484 3088 de
503 3035 551 3088 boc
569 3043 628 3086 voto
646 3050 696 3088 non
716 3035 862 3102 simpliciter
880 3035 1050 3104 dispeusator,
1068 3035 1112 3090 aad
1124 3035 1149 3088 id
1160 3034 1338 3104 dispensando

262 3127 289 3176 in
300 3125 348 3174 alia
366 3139 443 3190 opera
462 3125 502 3190 pia
522 3129 707 3186 commutatur3
726 3120 869 3188 hujusmodi
890 3138 968 3190 opera
984 3129 1043 3174 sunt
1062 3138 1085 3174 v.
1102 3139 1126 3191 g.
1144 3124 1338 3176 confessionem

262 3225 383 3278 peragere
402 3207 504 3278 singulis
523 3207 650 3259 mensibus
668 3223 713 3275 por
732 3216 808 3258 totam
828 3210 913 3268 vitam,
934 3207 1066 3258 Rosarium
1080 3207 1240 3261 mediumvel
1252 3219 1337 3262 toturn

261 3297 369 3366 singulis
392 3294 556 3346 hebdomadis
574 3297 692 3358 recitare,
717 3291 757 3346 vel
775 3301 891 3361 respectu
910 3291 993 3344 divitis
1013 3293 1187 3361 eleemosynas
1211 3295 1275 3347 dare
1303 3295 1337 3346 atl

260 3386 314 3450 pins
334 3397 437 3444 causas,
456 3381 568 3450 quotidie
586 3397 664 3430 unum
682 3379 755 3432 Pater
772 3388 857 3430 noster
875 3379 915 3432 vel
934 3380 988 3432 Aac
1006 3379 1086 3432 llario
1104 3379 1190 3430 dicere
1210 3397 1287 3432 mane
1308 3391 1336 3433 et

258 3477 350 3528 nocte,
368 3475 395 3516 ut
413 3469 449 3518 sio
468 3465 578 3534 quotidie
597 3465 743 3518 recordetur
760 3465 934 3534 obligationis,
957 3481 1033 3534 quam
1051 3464 1161 3518 babebat
1179 3467 1213 3518 ob
1233 3475 1336 3520 votum.

259 3582 295 3594 -
312 3553 422 3618 Insuper
438 3555 570 3618 poenitens
587 3553 726 3604 ntonendus
744 3561 796 3616 est,
821 3559 849 3604 ut
875 3551 1029 3618 dispensat-io
1047 3560 1145 3602 tautum
1164 3568 1192 3604 se
1210 3553 1337 3605 extendat

257 3639 289 3689 ad
313 3646 383 3690 actus
409 3638 603 3689 matrimoniales
627 3647 651 3690 et
673 3637 773 3708 quidem
800 3639 874 3690 unice
901 3637 977 3702 hujus
1001 3639 1142 3706 praesentis
1168 3641 1336 3692 matrimonii.

256 3723 363 3774 Pichler.
382 3725 416 3773 tit.
439 3723 478 3774 16.
497 3740 523 3773 n.
542 3725 583 3776 27.

213 3811 235 3875 ι)
255 3809 359 3860 Pichler.
378 3812 414 3858 tit.
434 3809 475 3861 96.
495 3825 519 3860 n.
538 3812 578 3861 27.

209 3897 231 3962 ³)
250 3895 297 3947 Per
321 3911 348 3944 se
364 3903 453 3962 patet,
478 3895 543 3946 idem
571 3903 714 3962 competere
739 3893 1064 3960 concitaueeumanico,
1091 3897 1149 3964 quia
1177 3895 1331 3962 hujusmodi

254 3979 394 4032 Concilium
420 3983 579 4032 constituitur
602 3997 658 4032 cum
677 3989 702 4032 et
719 3981 766 4034 sub
786 3983 932 4034 auctoritate
951 3981 1046 4035 Summi
1067 3981 1202 4038 Pontificio
1239 3982 1330 4037 Bene-

252 4065 302 4115 dict
318 4063 384 4116 lllV.
404 4065 435 4116 tle
455 4066 542 4132 synod.
561 4066 642 4118 dioec.
661 4064 704 4118 lib.
723 4067 747 4118 9.
766 4083 787 4118 c.
806 4069 830 4120 2.
848 4071 874 4134 §.
894 4067 917 4118 1.
1014 4135 1016 4142 Ι
