2736 4660
476 213 557 268 Gom
575 217 779 270 matrimoniales.
1144 198 1225 282 355Ι

68 377 235 454 oporteret,
258 391 347 454 quan
369 371 533 436 affluimus.
577 371 619 434 At
641 372 760 440 nullum,
776 375 903 436 interest
925 369 1079 436 allinitntis
1099 376 1212 436 vinou-

69 477 143 540 lum.
183 475 390 557 Propinquitas
413 479 492 536 enim
514 479 582 554 isin,
605 493 683 556 quoe
706 479 926 538 matrimonium
950 474 1079 554 dirimat,
1104 493 1212 542 versa·-

70 585 120 642 tur
149 583 228 640 inter
256 583 370 656 virum,
403 582 454 658 qui
477 578 588 658 copula
620 583 685 642 sive
714 579 794 642 licita
825 583 889 642 sive
918 579 1023 642 illicita
1055 577 1211 642 mulierem

67 685 258 765 cognoverit,
282 687 312 743 et
334 685 429 760 ipsius
453 685 595 764 cognitae
613 686 866 765 consanguineos,
890 687 979 762 atque
997 685 1077 744 inter
1102 683 1212 746 mulie-

67 801 135 846 rem
158 789 308 868 cognitam
322 789 363 850 ,et
379 789 623 867 consanguineos
644 788 738 866 ipsius
760 788 982 867 cognoscentis.
1006 783 1101 867 igitur
1115 774 1225 848 Rufus

69 888 226 968 copulatus
248 887 404 970 virginiae
427 885 671 966 liliaellattlraei,
695 886 791 951 lactus
814 885 998 967 estquidam
1022 887 1120 951 allicis
1143 908 1210 952 cum

69 994 306 1073 consanguineis
321 992 415 1070 ipsius
427 989 592 1071 virginiae,
615 987 752 1071 adeoque
767 1007 835 1052 cum
847 987 1008 1069 ltlatthaeo,
1035 992 1100 1072 ejus
1111 997 1206 1072 patre,

67 1091 123 1154 sed
147 1109 208 1156 non
229 1093 299 1156 ideo
326 1109 393 1154 cum
416 1091 526 1170 Clelia,
563 1110 659 1156 uxore
680 1093 836 1172 Matthaei,
867 1098 972 1172 utpote
995 1110 1072 1172 quae
1094 1092 1131 1156 de
1153 1094 1210 1159 alia

68 1200 252 1278 cognatione
280 1199 328 1258 sit.
373 1193 453 1256 idem
482 1193 519 1256 de
548 1195 639 1256 Olelia
669 1195 776 1276 dicito,
807 1213 884 1276 quae
914 1195 1030 1256 nubens
1060 1193 1210 1258 Malthace

67 1297 147 1362 lacta
175 1299 295 1379 quidem
319 1296 490 1358 esttallinis
519 1315 586 1358 oum
610 1297 764 1381 Virginia,
796 1297 936 1361 Matthaei
961 1297 1038 1374 lilia,
1072 1298 1126 1360 sed
1149 1315 1211 1360 non

67 1401 137 1464 ideo
159 1419 227 1462 cum
251 1399 346 1479 liufo,
371 1400 526 1482 virginiae
549 1404 664 1464 marito.
711 1401 813 1483 ltaque
835 1420 911 1463 cum·
934 1406 1039 1462 neutra
1063 1417 1102 1460 ex
1125 1407 1210 1480 parte

67 1503 164 1566 Rufus
187 1509 218 1564 et
240 1502 331 1566 Clelia
354 1502 423 1566 lacti
453 1506 513 1563 sint
536 1499 660 1579 affines,
690 1505 801 1568 nullum
824 1509 904 1566 inter
926 1521 983 1566 eos
1003 1508 1050 1566 est
1079 1503 1211 1584 impedi·

69 1613 203 1668 mentum
226 1589 390 1668 affinitatis.
403 1605 431 1683 ¹)

505 1793 623 1858 (lasus
645 1777 776 1858 XXXIV.

259 1917 403 1980 Publica
419 1919 598 1994 honestas,
614 1917 777 1994 affinitas,
796 1917 1019 1993 dispensatio.

156 2077 260 2138 Petrus
285 2075 409 2156 Dnrrot,
443 2082 563 2140 natione
586 2075 687 2138 Gallus
710 2075 797 2138 llrbis
821 2075 995 2139 Gadiceusis
1019 2077 1130 2157 incola,
1161 2073 1209 2141 die

69 2175 120 2244 25.
145 2179 290 2243 Novemb.
324 2179 404 2245 1755
432 2183 652 2242 matrimonium
680 2173 831 2243 contraxit
857 2195 924 2240 cum
951 2165 1067 2241 Joanua
1090 2179 1210 2242 Lenor-

66 2281 175 2360 mand,
208 2299 286 2364 quae
309 2299 380 2342 mox
408 2287 609 2345 carcinomate
632 2287 662 2343 et
691 2281 777 2363 phtisi
807 2281 961 2362 absumpta
984 2289 1109 2345 mortem
1138 2283 1211 2346 obiit

67 2381 96 2448 6.
122 2383 192 2466 maji
225 2381 315 2448 1756.
362 2383 400 2446 Ui
432 2401 524 2448 novas
554 2390 645 2448 iniret
674 2388 789 2466 nuptias
813 2399 884 2444 'cnm
915 2383 1018 2463 Clara,
1050 2383 1209 2449 deiunctae

67 2489 174 2549 uxoris
197 2501 317 2565 sorore,
343 2485 465 2549 Summo
488 2469 623 2551 Pontifici
646 2487 821 2568 supplicarit
843 2482 949 2548 Petrus
972 2504 1026 2567 pro
1050 2485 1210 2568 dispensa-

68 2593 153 2652 tione
175 2605 267 2668 super
288 2589 503 2670 impedimento
526 2589 662 2671 publicae
685 2589 863 2668 honestatis,
889 2589 968 2670 qarod
991 2591 1087 2652 solum
1110 2595 1208 2654 ortum

65 2689 234 2754 ellirmabat
256 2706 294 2752 ex
318 2695 413 2772 primo
436 2693 578 2776 conjugio
601 2699 665 2754 rato
688 2695 718 2752 et
741 2709 801 2754 nou
815 2697 1029 2756 consummato.
1064 2682 1209 2758 Remissis

66 2793 208 2875 precibus
230 2793 267 2856 ad
289 2793 364 2856 lianc
388 2794 417 2857 S.
435 2795 718 2878 congregationem,
743 2793 862 2856 auditus
884 2793 941 2856 init
955 2795 1130 2876 Episcopus,
1154 2791 1205 2878 q'ui

66 2898 181 2976 retulit,
205 2890 323 2959 Petrum
343 2897 540 2978 jureJurando
564 2895 657 2958 inisse
680 2899 829 2976 testatum,
855 2897 934 2978 quod
947 2903 1039 2978 prima
1062 2903 1208 2962 initicum

65 2999 183 3064 Joanna
206 3001 338 3083 conjugii
370 3001 457 3062 docte
481 3003 702 3061 matrimonium
725 3003 809 3061 nisus
832 3007 878 3062 est
901 3017 1125 3083 consummare,
1156 3003 1209 3066 sed

66 3103 150 3165 ioedi
184 3105 309 3164 mmoris
346 3107 485 3165 contactu
516 3105 548 3163 in
592 3103 658 3182 ejus
696 3109 818 3182 pectore
858 3094 889 3164 et'
922 3102 1089 3168 vehementi
1128 3103 1209 3169 illius

70 3210 146 3267 tussi
170 3195 337 3268 commotus
360 3207 503 3284 recessit,
528 3204 640 3286 absque
663 3205 787 3267 seminis
809 3211 1039 3289 commixtione,
1066 3227 1121 3272 nec
1142 3224 1209 3272 am-

67 3309 147 3390 plius
180 3309 318 3390 copulam
351 3323 419 3370 oum
449 3305 499 3366 illa
533 3311 668 3370 tentavit.
719 3305 778 3369 Sed
810 3313 923 3370 veritus
951 3309 1134 3392 Episcopus,
1170 3325 1208 3375 n'e

66 3411 184 3491 Petrus,
208 3415 399 3492 caeteroquin
421 3408 480 3471 fide
503 3405 622 3492 digitus,
647 3427 700 3473 sua
715 3415 857 3491 opinione
880 3411 979 3492 decipi
996 3411 1107 3493 posset,
1132 3420 1209 3476 ceti-

68 3517 128 3576 s'uit
151 3525 211 3576 noir
235 3512 380 3576 mturare·
399 3511 436 3574 ad
459 3517 677 3574 matrimonium
701 3509 933 3575 contrahendum
957 3533 1023 3576 oum
1042 3513 1130 3578 Clara
1149 3530 1208 3598 pti·-

67 3617 175 3681 blicam
197 3620 314 3680 tantum
344 3615 531 3677 honestatem
556 3615 739 3696 dispensari,
770 3619 826 3676 nisi
856 3615 1047 3696 dispensetur
1069 3615 1205 3686 amians.

70 3719 170 3795 Quare
193 3721 259 3802 ejus
282 3719 395 3800 preces'¹
411 3717 545 3800 rejectae
569 3719 698 3780 luerunt.

70 3909 276 3920 —aem———n-——un

96 3983 119 4051 ¹)
138 3982 220 4036 Casus
238 3984 376 4035 conicient.
394 3981 523 4034 Benedici.
542 3979 607 4034 lllli.
626 3980 676 4056 vol.
696 3985 720 4034 5.
739 3998 762 4049 p.
784 3982 845 4034 2³0.
983 4028 1052 4118 w,
