2736 4660
478 219 556 280 &aas
574 221 778 276 matrimoniales.
1132 195 1195 273 851

59 377 247 460 probandum
278 381 337 442 non
366 383 439 443 satis
466 386 513 443 est
533 381 637 444 doceri
658 381 698 442 de
712 377 961 456 ‘eonsuetudinm
991 377 1112 443 scietas
1134 397 1197 444 nou
1298 463 1300 466 Ι

60 501 101 544 ex
124 481 288 560 adulterio,
321 483 376 546 scd
405 501 444 545 cx
472 486 615 568 conjugio
646 489 782 564 suscepta
813 486 1013 562 praesumitur
1020 529 1029 562 ,
1060 487 1198 566 quamvis

61 591 185 648 minimo
208 585 361 648 dubitetur
382 585 420 647 de
442 587 661 650 consumudiue
689 586 822 648 mulieris
845 589 934 648 etiam
966 601 1033 648 curu
1056 586 1115 649 alio
1138 587 1198 650 ho·

61 694 155 765 mine,
180 693 236 750 nisi
259 695 359 752 tamen
383 690 422 752 ob
443 690 608 753 absentiam
632 692 740 764 mariti,
763 688 810 750 vei
833 685 919 750 aliam
944 695 1054 752 certam
1077 709 1199 754 causam

39 776 92 853 'ni
116 793 182 854 fieri
205 811 265 855 non
287 797 430 875 potuisse,
455 793 621 856 manifestis
644 795 828 874 argumentis
852 795 1016 854 evincatur.
1051 793 1092 854 At
1113 811 1199 871 vero,

61 915 130 957 cum
156 895 292 980 Virginis
314 901 389 976 ipsa,
411 913 492 976 quae
513 895 757 977 impedimentum
780 899 919 974 opponit,
945 895 1083 972 fateatur,
1106 915 1140 959 se
1162 897 1200 960 ad

62 1003 203 1060 maritum
234 1000 328 1062 fuisse
355 1017 507 1062 reversam
532 999 589 1061 sub
616 997 704 1060 tinem
729 996 950 1075 Baccanaiium,
985 997 1121 1080 adeoque
1143 1001 1199 1062 suit

61 1107 181 1164 initium
206 1101 374 1179 Februarii,
405 1106 474 1182 quia
505 1121 529 1162 a.
561 1098 643 1162 1714
673 1098 737 1162 dies
760 1097 901 1162 cinerum
929 1099 1034 1162 incidit
1060 1105 1091 1164 in
1120 1101 1199 1164 diem

68 1203 107 1266 14
131 1207 195 1286 ejus
219 1209 341 1284 mensis,
364 1205 451 1286 piane
475 1203 630 1266 coniicitur
644 1200 809 1286 virginiam
828 1207 940 1264 vixisse
959 1219 1027 1265 cum
1043 1204 1201 1268 Bartholo—

64 1325 152 1370 maeo
175 1313 239 1370 viro
263 1313 377 1388 sepiem
401 1311 472 1369 iotis
496 1306 673 1386 etamplius
697 1306 859 1381 mensibus,
882 1311 1041 1387 antequam
1062 1307 1199 1376 Lucretia

63 1414 95 1470 in
121 1410 216 1471 iucem
240 1409 390 1488 ederetur,
414 1408 445 1472 id
468 1407 547 1490 quod
563 1407 672 1468 accidit
688 1405 738 1470 25.
751 1409 829 1490 Sept
849 1402 938 1471 itit.
961 1409 1077 1472 Prolem
1101 1415 1200 1472 autem

64 1515 176 1576 editam
210 1517 337 1594 septimo
366 1531 471 1574 mense
504 1515 570 1592 post
597 1510 759 1593 conjugum
795 1511 1043 1576 cohabitationem
1080 1515 1200 1576 censeri

64 1619 242 1699 legitimam,
267 1631 411 1697 expresse
433 1614 559 1677 habetur
582 1618 612 1674 in
635 1613 710 1692 jure,
738 1618 831 1676 immo
850 1615 932 1694 justo
955 1621 1092 1694 tempore
1115 1619 1200 1678 natus

65 1737 136 1780 asse
152 1719 272 1781 videtur
294 1723 329 1794 is,
354 1723 404 1799 qui
428 1723 592 1780 centesimo
615 1721 802 1798 octogesimo
825 1717 958 1780 seeundo
977 1718 1036 1797 die,
1060 1718 1201 1782 videlicet

63 1827 190 1882 ineunte
213 1826 341 1902 septimo
365 1839 483 1900 mense,
507 1821 581 1882 ineis
605 1837 724 1882 usuram
748 1818 872 1900 adeptus
895 1818 997 1895 innan

64 1943 67 1950 ’
152 1923 204 1986 Est
227 1931 327 1986 tamen
350 1925 480 2006 dentque
503 1921 762 2004 perpendendum,
788 1941 826 1984 an
842 1941 899 1999 ea,
924 1941 1001 2003 quae
1025 1941 1203 2005 proponun-

64 2035 124 2106 tur,
149 2031 262 2090 tantum
287 2033 426 2090 rnamenti
444 2027 550 2089 saltem
573 2025 709 2103 habeant,
734 2031 768 2088 ui
785 2030 887 2105 sponsi
906 2025 1030 2106 Jubendi
1055 2031 1115 2088 sini
1130 2027 1203 2090 abs-
1248 2009 1252 2018 ’

64 2136 165 2191 tinere
188 2151 204 2192 a
229 2131 278 2194 tali
304 2134 492 2194 matrimonio
514 2127 726 2192 contrahendo.
772 2128 868 2208 Ipsam
893 2133 973 2190 enim
989 2131 1201 2210 impedimenti

67 2235 176 2296 famam
200 2239 272 2296 satis
294 2249 362 2296 esse
385 2233 421 2294 ad
444 2231 666 2313 impediendum
684 2233 904 2294 matrimonium
928 2232 1061 2296 nondum
1084 2237 1213 2317 initum,

67 2343 96 2396 et
127 2342 216 2398 unius
246 2343 338 2399 testes
366 2341 550 2398 asseveratio
578 2335 720 2397 decerta
743 2337 865 2396 scicntia
894 2334 1053 2413 sufficere,
1084 2343 1204 2400 cautum

67 2445 114 2501 est
136 2443 167 2500 in
186 2441 266 2521 jure.
276 2437 304 2515 2)
854 2469 856 2478 a

154 2543 182 2605 S.
208 2543 238 2604 G.
263 2543 293 2605 G.
322 2540 372 2605 die
394 2541 444 2606 20.
468 2539 566 2604 Martii
595 2533 675 2604 1734
704 2540 740 2603 ad
763 2540 901 2620 dubium,
932 2559 970 2604 an
992 2541 1151 2606 Francisco
1173 2550 1205 2605 ot

68 2646 225 2710 Lucretiae
248 2651 377 2725 permitti
406 2649 500 2727 possit
528 2639 707 2706 contrahere
734 2648 954 2706 matrimonium
984 2647 1015 2705 in
1045 2663 1116 2708 casu
1147 2651 1203 2708 etc.

66 2749 239 2827 respondit:
262 2748 509 2830 ,‚Afflrmotioe,'
524 2753 555 2808 et
578 2743 776 2828 amplius.“³)

513 2937 635 3005 Casus
658 2934 761 3000 ΧΧΧΙ.

490 3059 791 3135 conmngatnitas.

158 3199 247 3282 Cujus
270 3207 300 3263 et
322 3199 513 3282 Sempronia,
544 3177 631 3264 ambo
659 3195 756 3262 adhue
777 3215 838 3260 nou
860 3198 1015 3279 baptizati,
1050 3202 1207 3262 matrimo-

68 3308 152 3366 nium
174 3307 323 3382 inierunt,
355 3306 549 3386 ignorantes,
580 3319 614 3364 se
635 3318 705 3364 esse
727 3301 904 3393 coujunctos
932 3306 963 3362 in
984 3306 1087 3382 primo
1110 3300 1207 3385 gradu

68 3410 349 3490 consanguinitatis,
372 3410 391 3468 i.
414 3423 441 3467 e.
465 3423 499 3468 se
522 3422 590 3483 esse
612 3404 736 3468 tratrem
759 3409 789 3465 et
811 3421 953 3466 sororem.
990 3402 1095 3467 Postea
1117 3409 1207 3469 uter-

68 3528 130 3591 que
152 3511 262 3590 conjux
290 3510 475 3598 convertitur
496 3508 534 3572 ad
556 3507 645 3571 iidem
668 3528 703 3572 ac
725 3507 905 3587 baptizatum
936 3524 995 3570 non
1025 3509 1112 3587 paulo
1139 3513 1207 3588 post

62 3635 277 3658 Κ-ιω--ᾳ--Α-

98 3733 121 3798 ¹)
140 3731 207 3801 Engl
226 3732 258 3784 ad
277 3731 318 3782 nn.
337 3733 361 3783 4.
380 3731 476 3784 Dmrct
495 3731 531 3782 tit.
550 3712 589 3782 it.
603 3747 634 3806 n.
653 3733 677 3782 6.
696 3730 784 3782 Auaci.
803 3727 862 3782 ibid.
880 3745 906 3782 n.
927 3727 967 3781 19.
983 3727 1126 3797 Schmdng.
1145 3727 1207 3784 ibid.

98 3905 121 3969 ²)
140 3818 255 3956 1111011οι
272 3903 314 3956 lib.
335 3905 357 3956 1.
377 3903 442 3982 disp.
460 3902 502 3956 71.
520 3929 555 3940 -
573 3908 598 3954 et
615 3900 666 3953 aiu.

98 3991 121 4058 ¹)
142 3987 166 4042 S.
186 3983 261 4042 (3.0.
279 3989 381 4042 resciat.
400 3997 459 4042 tom.
479 3989 502 4042 6.
521 4003 545 4059 p.
564 3987 624 4040 asu.
642 3983 724 4036 &aaa
743 3982 864 4039 iiantim.
883 3998 887 4006 ’
