2746 4646
217 298 221 311 ’
289 286 327 339 llo
342 278 527 356 impedimentis
545 287 729 340 matrimonium
750 285 931 340 dirimentibus.
1129 267 1189 336 113

53 449 185 523 teretur,
216 443 285 509 dato
308 445 424 526 repudii
447 444 566 523 libello,
597 443 758 508 divortium
781 461 849 506 cum
872 459 968 506 urere
992 442 1104 520 iacere,
1127 443 1195 506 dis-

51 551 229 628 pensatione
251 568 267 611 a
290 548 355 612 Dea
378 563 521 612 concessu
551 546 589 610 de
611 548 680 632 lege
702 551 845 634 positiva3
874 565 891 609 a
920 546 990 630 lege
1009 546 1193 632 Euangeliou

51 656 151 714 tamen
174 651 246 712 illud
278 650 424 712 indultum
455 656 502 713 est
532 649 696 732 sublatum,
728 653 1010 730 nutrimentumque
1031 655 1063 712 in
1086 655 1195 747 pristi-

52 771 124 816 num
169 760 279 818 statum
302 751 521 831 muitarum).

162 857 332 932 Quaeriiar·
355 855 417 933 2⁰).
462 855 540 919 Num
563 856 810 924 indissolubilius
833 855 1005 923 omnimodo
1038 856 1190 941 (intellige

51 967 192 1044 respectu
211 965 365 1040 potestatis
387 957 551 1037 humanae)
573 963 653 1021 inter
675 958 779 1023 iideles
797 966 955 1042 proveniat
977 977 1016 1022 err
1038 977 1087 1039 eo,
1111 959 1192 1042 quod

52 1068 279 1131 matrimonium
302 1067 342 1126 sit
364 1062 613 1128 Sacramentum?

138 1175 174 1249 iu.
197 1165 380 1230 Probabilins
406 1168 563 1246 nepotioe,
586 1166 706 1246 saltem,
736 1169 768 1228 in
796 1171 938 1248 quantum
971 1171 1193 1231 matrimonium

51 1277 98 1333 est
121 1275 340 1334 sacramentum
353 1273 385 1330 in
407 1283 498 1332 sensu
514 1271 635 1345 strict03
659 1271 729 1350 quia
751 1273 842 1332 etiam
865 1273 1085 1334 matrimonium
1097 1277 1194 1333 ratum

51 1381 98 1438 est
121 1375 363 1447 Saemmentum,
393 1377 424 1434 et
445 1375 545 1434 tamen
568 1376 616 1433 est
636 1370 764 1434 solubile
785 1389 841 1452 per
862 1377 1032 1456 ingressam
1055 1375 1087 1434 in
1110 1373 1197 1436 ordi-

51 1495 121 1539 nem
145 1477 338 1560 rebgiosum‚
361 1479 392 1535 et
413 1478 503 1536 etiam
526 1479 674 1554 potestate
697 1478 804 1537 summi
828 1473 998 1552 Pontiiicis3
1031 1475 1196 1556 probabili-

51 1587 99 1642 ter
120 1579 318 1658 clamantur,
346 1582 370 1640 st
402 1581 548 1658 accipitur
569 1575 793 1641 Sacramentum
823 1583 855 1640 in
886 1595 978 1642 sensu
1000 1577 1115 1658 latiori,
1145 1583 1198 1640 tn-

50 1689 197 1765 quantum
221 1683 440 1743 matrimonium
471 1683 517 1740 est
539 1683 660 1763 signnm
683 1680 817 1761 perlecta
847 1681 1022 1765 significans
1053 1685 1221 1780 unionem⁸

50 1785 142 1848 Verbi
167 1801 235 1848 eum
258 1789 362 1846 nutura
384 1781 525 1861 bumana,
548 1799 602 1846 sen
625 1801 693 1846 eum
711 1784 844 1846 Ecclesia
868 1801 922 1866 per
942 1789 1193 1863 incarnationem,

50 1907 130 1970 quae
154 1891 298 1968 perpetua
326 1891 431 1947 estet
461 1901 614 1966 nunquam
637 1881 825 1964 solvenda.²)
853 1921 893 1934 -
923 1887 985 1950 Alii
1007 1895 1107 1952 autem
1131 1887 1199 1950 dis·
1291 1877 1295 1881 ’

51 1989 219 2072 linquendo
241 1989 369 2050 dicunt:
399 1987 621 2052 Matrimonium
646 1995 692 2054 est
713 1994 794 2054 omni
818 1989 909 2053 modo
929 1989 1138 2052 indissolubile
1160 2007 1200 2052 ex
1311 1989 1314 1996 '

52 2095 246 2159 Sacramenle
268 2097 410 2172 unquam
433 2095 639 2172 apesleriere,
664 2111 724 2156 non
747 2099 847 2156 autern
871 2096 1022 2172 apriere;
1045 2097 1066 2156 i.
1085 2111 1113 2154 e.
1136 2109 1197 2155 non

53 2199 122 2262 ideo
145 2203 193 2260 est
216 2199 436 2258 matrimonium
459 2193 676 2272 indissolubile,
699 2200 768 2277 quia
790 2196 898 2258 dictam
924 2199 1066 2260 unionem
1090 2195 1198 2258 Cbrlstt

54 2301 215 2387 signifieat,
239 2302 325 2382 quasi
347 2297 422 2360 haee
443 2303 525 2362 esset
547 2302 623 2362 ratio
646 2318 663 2362 a
686 2304 805 2381 priore,
837 2303 866 2360 et
888 2302 919 2360 in
943 2317 1002 2379 qua
1024 2298 1200 2364 fundaretur

53 2399 322 2482 indissolubilitas,
357 2399 411 2464 sed
434 2404 503 2482 quia
525 2401 732 2468 indissolubile
754 2405 878 2466 omnino
900 2405 963 2480 est,
998 2401 1068 2466 ideo
1091 2401 1199 2465 dictam

54 2515 200 2574 unionem
226 2504 334 2570 Christi
356 2502 525 2587 significum
548 2504 684 2586 adeoque
707 2506 788 2569 illam
804 2504 1097 2568 indissolubiliiatem
1110 2503 1200 2571 babet

53 2610 188 2685 aliunde,
211 2624 320 2686 nempe
343 2624 360 2668 a
382 2613 544 2688 praecepto
559 2607 663 2671 divine
680 2609 742 2690 juri
754 2608 879 2670 naturali
893 2606 1095 2687 superaddito,
1120 2607 1200 2688 quod

54 2719 199 2775 nindrum
222 2709 357 2773 Christus
383 2713 415 2770 in
445 2708 515 2792 iege
541 2709 725 2796 Evangelicu
754 2711 835 2790 tulit,
865 2729 901 2773 ac
932 2709 1051 2792 quidem
1081 2716 1202 2791 praeter

55 2817 114 2878 alia
137 2819 170 2878 in
201 2813 279 2880 bane
301 2811 407 2892 flnem,
431 2817 465 2874 ut
493 2817 591 2896 aptius
613 2813 722 2878 dictam
753 2819 895 2878 unionem
928 2831 996 2876 eum
1018 2811 1202 2876 humanitate

56 2919 106 2982 vel
128 2917 266 2984 Ecclesia
290 2911 523 3000 significarem).

82 3185 105 3254 ¹)
126 3185 231 3240 Calech.
250 3186 321 3242 Rem.
339 3188 358 3240 i.
375 3203 398 3240 c.
416 3197 515 3258 quaest.
534 3188 574 3244 ia.
594 3191 635 3242 20.

82 3273 105 3340 ¹)
126 3272 230 3326 catech.
248 3274 320 3326 Rom.
338 3273 355 3326 i.
374 3289 396 3326 c.
414 3282 511 3344 quaeat.
531 3275 573 3330 11.
591 3273 698 3328 bellarm
717 3273 748 3326 de
771 3284 843 3330 matr.
862 3292 884 3328 e.
902 3279 927 3330 b.
955 3275 986 3328 ad
1005 3275 1049 3330 liu.
1066 3300 1100 3314 -
1117 3271 1203 3341 Lapat.

127 3360 327 3414 lcmb-
425 3413 429 3420 ,

83 3443 106 3512 ³)
127 3442 269 3514 Castrupal,
289 3444 411 3500 demetr.
429 3449 496 3516 Η.
516 3465 538 3502 c.
557 3447 582 3500 4.
600 3445 706 3500 Lauren.
726 3444 769 3498 lib.
788 3449 811 3500 i.
831 3448 868 3503 lit.
889 3445 930 3500 iu.
949 3455 1047 3518 quaeat.
1066 3447 1126 3504 tto.
1143 3446 1203 3498 ni

128 3531 188 3584 Pina
208 3531 261 3584 vii.
285 3534 311 3586 in
333 3531 409 3586 Brevi
435 3533 468 3586 ad
487 3532 603 3600 Archiep.
622 3531 732 3602 lingunt.
755 3531 873 3586 Gerulum
897 3531 929 3586 de
952 3531 1080 3600 Dalberg‚
1102 3533 1127 3584 8.
1150 3527 1205 3583 Oct.

130 3617 208 3683 1803,
226 3619 290 3670 inter
308 3617 356 3670 alia
374 3618 437 3672 baec
455 3618 542 3672 habet:
562 3619 744 3688 „Exploratum
763 3628 811 3683 eet,
829 3619 964 3690 conjugale
983 3617 1072 3672 foedus
1092 3635 1106 3670 a
1125 3619 1204 3686 prima

129 3706 364 3769 carcinomatum,
388 3713 525 3776 antequam
548 3703 581 3758 ad
599 3704 753 3758 sacramenti
772 3706 919 3775 dignitatern
938 3705 1095 3770 elevaretur,
1120 3704 1206 3757 diuino

121 3793 190 3854 ,intre
212 3789 388 3844 indissolubile
410 3805 514 3858 prorum
537 3798 563 3842 et
584 3799 735 3859 perpetuum
758 3793 937 3844 eutitium...
969 3789 1058 3862 Neque
1082 3791 1149 3844 enim
1174 3789 1207 3842 da

130 3875 305 3944 ecclesiastica
323 3876 388 3946 lege,
405 3875 451 3930 sed
469 3876 608 3930 dodiniaca
626 3878 734 3946 agimus,
751 3877 905 3948 quambene
922 3879 977 3946 ipse
995 3875 1050 3930 tulit
1068 3875 1100 3928 de
1118 3877 1207 3928 inatri-

130 3965 208 4018 monii
227 3962 392 4021 indissolubili
411 3963 527 4030 vinculo‚
551 3966 592 4016 eui
616 3978 692 4016 nemo
719 3969 801 4032 potest
824 3963 962 4034 refragari,
986 3962 1019 4017 sii
1037 3963 1078 4014 ille
1096 3961 1208 4014 haereti-

131 4065 186 4114 cus,
204 4052 259 4103 sive
278 4053 352 4103 etiam
371 4049 513 4122 paganus.“
539 4049 619 4120 Stapl.
639 4066 664 4120 p.
684 4050 743 4102 298.

104 4154 139 4195 Do
151 4152 304 4195 matrimonio.
354 4194 370 4206 ἢ
982 4135 1003 4202 8
