2764 4664
206 235 269 302 3Ῑο
613 251 692 305 Qatnu
711 254 917 308 matrimoniales.

204 409 335 491 paroetm
351 405 510 486 mandarit,
535 417 566 471 nt
580 409 711 473 tiarenm
737 430 802 473 enrn
815 409 930 475 Joanna
955 433 1008 476 sna
1031 433 1136 480 sorore
1150 417 1338 476 matrimonio

206 514 413 598 conjungeret.

291 613 421 694 Quarto,
463 617 542 698 quod
573 617 673 678 Marco
706 616 850 678 adversus
884 617 940 682 hoo
970 625 1190 683 matrimonium
1228 621 1341 683 sortiter

206 719 400 796 reclamante,
431 726 462 780 et
491 737 581 800 soene
612 717 770 800 parochum
801 723 1025 806 interrogante,
1056 730 1214 801 mosset,
1248 741 1341 784 neone.

196 822 336 884 tutorum
360 823 501 902 vutidum,
525 828 551 886 si
573 821 646 884 iiind
667 825 698 884 in
724 839 761 885 eo
784 827 862 885 statu
885 826 1127 904 contraheretur,
1150 845 1202 888 res
1225 845 1265 888 eo
1289 826 1343 886 de-

189 928 298 998 -venit,
320 931 353 985 nt
374 925 519 1006 parochus
544 928 733 1002 memoratus,
759 929 888 989 instante
912 926 1016 991 mortis
1039 929 1192 1008 periente,
1218 929 1342 1007 abipso

207 1028 380 1106 obtinuerit,
405 1034 436 1090 ut
459 1027 714 1092 sacramenntner
736 1026 939 1092 eonfiteretur.

195 1117 198 1126 ’
292 1129 414 1210 Quinto,
437 1131 517 1212 quod
540 1130 658 1210 expieta
681 1130 874 1194 confessione
896 1129 1027 1196 Marcum
1051 1139 1242 1199 matrimonio
1268 1153 1346 1197 eon·

202 1235 303 1314 junxit
326 1251 392 1294 enm
410 1232 525 1295 Joanna
549 1249 647 1293 eorem
673 1232 767 1294 tribus
790 1234 856 1316 ejus
879 1233 1020 1298 iratribus
1044 1244 1072 1296 ei
1098 1239 1191 1300 tribus
1208 1239 1344 1300 mutieri-

206 1337 261 1398 bus
284 1341 312 1397 in
337 1336 442 1398 eodem
467 1334 603 1396 eubiculo
627 1337 823 1399 existentibus
847 1386 854 1399 .
880 1383 887 1396 .
911 1386 917 1399 .
944 1389 949 1400 .

291 1437 326 1500 Et
356 1444 424 1520 quio
453 1437 532 1500 idern
562 1437 679 1500 Morcus
710 1439 851 1500 nonnutta
880 1441 1050 1520 praevidet,
1086 1445 1142 1506 sibi
1178 1465 1193 1506 a
1225 1445 1343 1506 Joanna

207 1541 398 1624 opponendo,
427 1545 522 1622 primo
546 1540 677 1619 seilicet,
709 1540 788 1622 quod
813 1543 878 1624 ejus
901 1543 1021 1604 nemrim
1055 1543 1151 1608 iuerat
1172 1551 1344 1630 ingressus.

208 1650 238 1704 nt
262 1661 363 1705 seeum
388 1644 524 1724 copulam
548 1643 685 1722 heberet,
718 1649 748 1704 et
771 1643 850 1726 qnod
874 1665 891 1708 a
913 1650 976 1708 suis
994 1645 1138 1710 iratribus
1162 1667 1218 1730 pro
1242 1653 1347 1712 vineti-

207 1739 299 1808 oande
322 1747 429 1828 injuria
455 1763 631 1828 pereussos,
661 1747 801 1810 obtuterit
824 1765 858 1808 se
881 1767 946 1810 earn
969 1754 1000 1810 in
1024 1745 1147 1812 uxorein
1172 1752 1347 1832 aucturum
1372 1733 1373 1744 ³

206 1852 237 1908 et
259 1841 408 1926 secunde,
439 1849 517 1931 quud
541 1855 610 1912 ante
632 1853 853 1912 matrimonium
886 1857 1071 1915 contrnotnm
1096 1853 1191 1914 inerat
1217 1855 1254 1917 ab
1281 1861 1347 1936 ipso

206 1955 339 2030 stuprum
363 1968 459 2032 passa,
484 1953 538 2014 suti
563 1971 616 2034 spe
631 1953 755 2035 legitimi
779 1953 923 2036 conjugii.
948 1959 978 2014 et
1003 1961 1092 2018 tertio
1107 1955 1239 2036 deinum,
1266 1960 1347 2039 qrierd
1372 2011 1373 2048 ,

207 2061 274 2136 post
300 2060 484 2118 contractum
517 2059 736 2118 matrimonium
767 2055 803 2116 ad
832 2057 898 2138 eJ'us
920 2055 1041 2119 domum
1073 2063 1180 2120 iterum
1207 2067 1346 2137 necessit.
1372 2053 1373 2074 t

206 2158 289 2238 pirna
313 2161 345 2222 in
367 2156 453 2236 facto
484 2165 513 2218 et
537 2157 661 2234 injure
693 2158 728 2220 ad
760 2157 833 2220 haec
863 2160 977 2240 objecta
1010 2160 1046 2222 de
1082 2163 1179 2224 medio
1215 2163 1347 2226 totiendo

207 2261 336 2324 deducit.
382 2261 416 2324 Et
439 2265 470 2324 in
493 2281 530 2324 eo
553 2260 691 2340 quidem,
716 2261 795 2342 quod
818 2267 923 2324 attinet
946 2263 983 2326 ed
1005 2262 1139 2343 see-tear,
1165 2255 1369 2330 intemeratae

188 2384 311 2449 ,omnes
334 2369 582 2442 circumstantias,
608 2369 718 2446 inquit,
745 2369 831 2426 inuiti
856 2367 1064 2430 nonnullorum
1095 2373 1215 2429 tetiam
1240 2387 1347 2430 asser-

192 2449 294 2547 'tioni,
319 2474 367 2550 qui
392 2486 516 2552 magnas
536 2473 688 2550 patiuntur
710 2473 739 2530 in
758 2474 932 2549 personiset
957 2471 1085 2534 inidiotis
1102 2477 1347 2551 exceptiones...

191 2645 196 2653 Ι
281 2571 329 2659 ,Er
351 2577 383 2634 in
415 2591 466 2644 eo,
497 2571 575 2652 qued
598 2575 712 2652 spectat
736 2571 851 2653 adjus,
876 2571 1018 2652 quiidqnid
1042 2579 1080 2636 sit
1103 2573 1139 2637 de
1163 2575 1348 2655 speculativa

208 2677 392 2758 quaestione,
419 2693 454 2736 an
485 2675 627 2736 videlicet
656 2675 752 2738 valeat
776 2679 998 2737 matrimonium
1030 2677 1066 2736 ab
1089 2696 1125 2735 eo
1149 2683 1346 2753 contractum,

192 2781 285 2867 'quie
310 2783 544 2860 consanguineis
569 2779 702 2840 mulieris
718 2777 922 2860 deprehensus
945 2796 978 2840 se
991 2797 1055 2858 eam
1080 2779 1187 2840 obtulit
1211 2785 1240 2840 in
1268 2800 1346 2841 nao-

207 2898 269 2942 rem
294 2880 468 2960 ducturum,
502 2888 531 2942 ut
564 2885 659 2947 rninns
687 2885 791 2944 mortis
822 2879 977 2958 evaderet,
1011 2882 1065 2942 sibi
1094 2883 1191 2944 illatas
1225 2902 1286 2946 non
1309 2884 1343 2946 art

207 2987 373 3063 praecisum
397 2983 497 3062 finem,
526 2990 553 3044 nt
573 2989 793 3047 niatrirneninm
811 2983 1046 3060 contraheretur,
1071 2985 1123 3046 sed
1148 2986 1183 3047 ed
1203 2985 1342 3048 effectum

206 3087 342 3168 injuriam
368 3066 541 3166 ulciscendi,
565 3092 678 3168 inquit,
708 3092 738 3150 in
765 3093 847 3168 praxi
872 3095 901 3170 et
929 3073 1049 3150 iniero
1076 3088 1129 3149 tori
1156 3091 1343 3150 rneirirnenin

205 3187 279 3251 haec
303 3189 445 3252 nullitatis
469 3194 541 3252 vitiu
565 3189 716 3272 laborare,
742 3195 838 3278 statim
864 3211 899 3256 ao
921 3197 1052 3268 constat,
1077 3190 1169 3252 inisse
1192 3195 1344 3252 contracta

206 3297 273 3374 post
289 3298 406 3358 vrneturn
430 3291 467 3355 ab
489 3298 608 3356 armatis
629 3293 764 3380 illatum,
782 3299 876 3380 eteo
894 3294 999 3356 tertius
1024 3299 1088 3374 post
1112 3293 1248 3356 mortalia
1276 3295 1344 3355 ιιιΙ-

206 3413 277 3458 nera
300 3395 459 3480 inflicta¹).
483 3432 526 3443 —
550 3391 740 3478 'suppositum
766 3415 885 3480 qnoque
903 3383 1042 3477 ‘stuprum
1066 3398 1249 3460 antecedens
1273 3417 1343 3460 sus-

205 3503 299 3578 tinet,
318 3503 353 3560 .in
373 3499 443 3582 jnre
468 3519 526 3563 non
551 3501 685 3588 retonare
710 3505 824 3564 etiarnsi
850 3505 1025 3584 matrimonii
1046 3505 1211 3582 *promissio
1235 3522 1342 3564 aenes-

205 3607 304 3690 sisset,
327 3622 393 3664 cum
417 3607 528 3670 attenta
554 3605 724 3685 riiepnritate
747 3609 827 3667 inter
845 3611 889 3692 'se
912 3610 941 3666 et
964 3605 1108 3668 ioannem
1131 3607 1199 3667 ‘tarn
1224 3609 1341 3668 rutinae

205 3705 364 3784 natalium,
390 3725 477 3788 quam
502 3725 539 3769 ex
570 3728 658 3772 eausa
690 3709 865 3790 diuitiarum
883 3713 1030 3792 potuisset
1059 3711 1121 3788 ipsa
1141 3710 1236 3790 juxta·
1254 3727 1342 3770 com-

231 3958 252 4013 ¹)
270 3958 303 4010 Ut
320 3957 351 4010 nd
378 3976 435 4032 rernv
458 3960 521 4010 bene
548 3962 688 4028 ponderent
706 3964 816 4031 spineti.
840 3963 894 4016 dee.
915 3965 990 4036 ⁶·.¹¹·
1012 3965 1051 4016 10.
1069 3961 1185 4034 Bagnuii.
1214 3967 1239 4014 in
1258 3963 1339 4030 suppl,

275 4045 382 4114 adcup.
402 4047 442 4096 23.
462 4045 613 4113 suppleto:
634 4063 656 4098 u.
676 4050 715 4101 55.
915 4061 917 4070 ·
984 4061 994 4070 2>
1061 4067 1063 4070 -
1144 4067 1146 4070 -
1207 4065 1209 4070 ,
