<?xml version="1.0" encoding="UTF-8"?>
<!DOCTYPE html PUBLIC "-//W3C//DTD XHTML 1.0 Transitional//EN"
    "http://www.w3.org/TR/xhtml1/DTD/xhtml1-transitional.dtd">
<html xmlns="http://www.w3.org/1999/xhtml" xml:lang="en" lang="en">
 <head>
  <title>
</title>
<meta http-equiv="Content-Type" content="text/html;charset=utf-8" />
  <meta name='ocr-system' content='tesseract 3.04.00' />
  <meta name='ocr-capabilities' content='ocr_page ocr_carea ocr_par ocr_line ocrx_word'/>
</head>
<body>
  <div class='ocr_page' id='page_1' title='image "./dematrimoniotra00heisgoog_0333.png"; bbox 0 0 2764 4664; ppageno 0'>
   <div class='ocr_carea' id='block_1_1' title="bbox 606 275 915 328">
    <p class='ocr_par' dir='ltr' id='par_1_1' title="bbox 606 275 915 328">
     <span class='ocr_line' id='line_1_1' title="bbox 606 275 915 328; baseline -0.003 0"><span class='ocrx_word' id='word_1_1' title='bbox 606 275 686 328; x_wconf 76' lang='lat' dir='ltr'>Caras</span> <span class='ocrx_word' id='word_1_2' title='bbox 704 275 915 328; x_wconf 61' lang='lat' dir='ltr'>matrimonialem·</span> 
     </span>
    </p>
   </div>
   <div class='ocr_carea' id='block_1_2' title="bbox 670 477 916 584">
    <p class='ocr_par' dir='ltr' id='par_1_2' title="bbox 670 477 916 584">
     <span class='ocr_line' id='line_1_2' title="bbox 670 477 916 584; baseline 0.004 -2"><span class='ocrx_word' id='word_1_3' title='bbox 670 519 791 584; x_wconf 82' lang='lat' dir='ltr'>Casus</span> <span class='ocrx_word' id='word_1_4' title='bbox 811 517 863 584; x_wconf 85' lang='lat' dir='ltr'>Xl.</span> <span class='ocrx_word' id='word_1_5' title='bbox 910 477 916 485; x_wconf 27' lang='grc' dir='ltr'>ι</span> 
     </span>
    </p>
   </div>
   <div class='ocr_carea' id='block_1_3' title="bbox 525 685 1000 764">
    <p class='ocr_par' dir='ltr' id='par_1_3' title="bbox 525 685 1000 764">
     <span class='ocr_line' id='line_1_3' title="bbox 525 685 1000 764; baseline 0.004 -16"><span class='ocrx_word' id='word_1_6' title='bbox 525 685 601 764; x_wconf 82' lang='lat' dir='ltr'>Vis,</span> <span class='ocrx_word' id='word_1_7' title='bbox 620 689 735 748; x_wconf 79' lang='lat' dir='ltr'>metus</span> <span class='ocrx_word' id='word_1_8' title='bbox 752 686 1000 751; x_wconf 79' lang='lat' dir='ltr'>reverentialis.</span> 
     </span>
    </p>
   </div>
   <div class='ocr_carea' id='block_1_4' title="bbox 193 843 1371 4101">
    <p class='ocr_par' dir='ltr' id='par_1_4' title="bbox 193 843 1371 4101">
     <span class='ocr_line' id='line_1_4' title="bbox 283 843 1330 926; baseline -0.005 -15"><span class='ocrx_word' id='word_1_9' title='bbox 283 849 399 911; x_wconf 59' lang='lat' dir='ltr'>hanna</span> <span class='ocrx_word' id='word_1_10' title='bbox 422 843 537 908; x_wconf 83' lang='lat' dir='ltr'>(laaclra</span> <span class='ocrx_word' id='word_1_11' title='bbox 559 866 576 908; x_wconf 90' lang='lat' dir='ltr'>a</span> <span class='ocrx_word' id='word_1_12' title='bbox 599 851 791 910; x_wconf 90' lang='lat' dir='ltr'>matrimonio</span> <span class='ocrx_word' id='word_1_13' title='bbox 813 865 881 908; x_wconf 88' lang='lat' dir='ltr'>cum</span> <span class='ocrx_word' id='word_1_14' title='bbox 893 846 983 908; x_wconf 85' lang='lat' dir='ltr'>Petro</span> <span class='ocrx_word' id='word_1_15' title='bbox 1008 845 1192 908; x_wconf 82' lang='lat' dir='ltr'>llarzaroski</span> <span class='ocrx_word' id='word_1_16' title='bbox 1215 865 1330 926; x_wconf 80' lang='lat' dir='ltr'><strong>semper</strong></span> 
     </span>
     <span class='ocr_line' id='line_1_5' title="bbox 199 947 1330 1032; baseline 0 -20"><span class='ocrx_word' id='word_1_17' title='bbox 199 969 304 1012; x_wconf 88' lang='lat' dir='ltr'>aversa</span> <span class='ocrx_word' id='word_1_18' title='bbox 327 949 391 1012; x_wconf 82' lang='lat' dir='ltr'>luit.</span> <span class='ocrx_word' id='word_1_19' title='bbox 436 950 474 1010; x_wconf 92' lang='lat' dir='ltr'>Ut</span> <span class='ocrx_word' id='word_1_20' title='bbox 497 953 576 1011; x_wconf 87' lang='lat' dir='ltr'>enirn</span> <span class='ocrx_word' id='word_1_21' title='bbox 594 947 670 1011; x_wconf 79' lang='lat' dir='ltr'>Petri</span> <span class='ocrx_word' id='word_1_22' title='bbox 694 949 851 1011; x_wconf 88' lang='lat' dir='ltr'>consilium</span> <span class='ocrx_word' id='word_1_23' title='bbox 875 954 1010 1032; x_wconf 87' lang='lat' dir='ltr'>agnovit,</span> <span class='ocrx_word' id='word_1_24' title='bbox 1033 967 1091 1010; x_wconf 85' lang='lat' dir='ltr'>noc</span> <span class='ocrx_word' id='word_1_25' title='bbox 1114 951 1257 1030; x_wconf 76' lang='lat' dir='ltr'>lacrymis</span> <span class='ocrx_word' id='word_1_26' title='bbox 1277 967 1330 1030; x_wconf 85' lang='lat' dir='ltr'>pe-</span> 
     </span>
     <span class='ocr_line' id='line_1_6' title="bbox 198 1051 1328 1134; baseline -0.002 -20"><span class='ocrx_word' id='word_1_27' title='bbox 198 1057 295 1133; x_wconf 90' lang='lat' dir='ltr'>percit</span> <span class='ocrx_word' id='word_1_28' title='bbox 317 1069 462 1132; x_wconf 88' lang='lat' dir='ltr'>unquam,</span> <span class='ocrx_word' id='word_1_29' title='bbox 486 1069 541 1113; x_wconf 88' lang='lat' dir='ltr'>nec</span> <span class='ocrx_word' id='word_1_30' title='bbox 565 1051 681 1128; x_wconf 87' lang='lat' dir='ltr'>verbis,</span> <span class='ocrx_word' id='word_1_31' title='bbox 705 1051 813 1134; x_wconf 90' lang='lat' dir='ltr'>quibus</span> <span class='ocrx_word' id='word_1_32' title='bbox 836 1058 937 1132; x_wconf 90' lang='lat' dir='ltr'>posset</span> <span class='ocrx_word' id='word_1_33' title='bbox 966 1057 1056 1114; x_wconf 89' lang='lat' dir='ltr'>animi</span> <span class='ocrx_word' id='word_1_34' title='bbox 1080 1057 1126 1114; x_wconf 92' lang='lat' dir='ltr'>sui</span> <span class='ocrx_word' id='word_1_35' title='bbox 1150 1058 1328 1114; x_wconf 87' lang='lat' dir='ltr'>sententiam</span> 
     </span>
     <span class='ocr_line' id='line_1_7' title="bbox 198 1153 1331 1234; baseline -0.004 -15"><span class='ocrx_word' id='word_1_36' title='bbox 198 1157 235 1220; x_wconf 92' lang='lat' dir='ltr'>ab</span> <span class='ocrx_word' id='word_1_37' title='bbox 266 1155 311 1216; x_wconf 93' lang='lat' dir='ltr'>bis</span> <span class='ocrx_word' id='word_1_38' title='bbox 342 1157 452 1234; x_wconf 88' lang='lat' dir='ltr'>nuptiis</span> <span class='ocrx_word' id='word_1_39' title='bbox 481 1153 700 1218; x_wconf 87' lang='lat' dir='ltr'>abhorrentem·</span> <span class='ocrx_word' id='word_1_40' title='bbox 718 1159 851 1234; x_wconf 83' lang='lat' dir='ltr'>aperire3</span> <span class='ocrx_word' id='word_1_41' title='bbox 882 1155 990 1216; x_wconf 84' lang='lat' dir='ltr'>trustra</span> <span class='ocrx_word' id='word_1_42' title='bbox 1014 1161 1127 1229; x_wconf 90' lang='lat' dir='ltr'>tamen,</span> <span class='ocrx_word' id='word_1_43' title='bbox 1158 1174 1226 1217; x_wconf 90' lang='lat' dir='ltr'>nam</span> <span class='ocrx_word' id='word_1_44' title='bbox 1250 1163 1331 1234; x_wconf 87' lang='lat' dir='ltr'>pater</span> 
     </span>
     <span class='ocr_line' id='line_1_8' title="bbox 198 1257 1331 1338; baseline -0.004 -15"><span class='ocrx_word' id='word_1_45' title='bbox 198 1259 305 1322; x_wconf 82' lang='lat' dir='ltr'>officiis</span> <span class='ocrx_word' id='word_1_46' title='bbox 327 1263 459 1338; x_wconf 82' lang='lat' dir='ltr'><strong>supremi</strong></span> <span class='ocrx_word' id='word_1_47' title='bbox 483 1258 634 1321; x_wconf 89' lang='lat' dir='ltr'>castellani</span> <span class='ocrx_word' id='word_1_48' title='bbox 659 1259 884 1336; x_wconf 83' lang='lat' dir='ltr'>Graooriensis,</span> <span class='ocrx_word' id='word_1_49' title='bbox 915 1277 975 1338; x_wconf 91' lang='lat' dir='ltr'>quo</span> <span class='ocrx_word' id='word_1_50' title='bbox 998 1257 1101 1320; x_wconf 88' lang='lat' dir='ltr'>Petrus</span> <span class='ocrx_word' id='word_1_51' title='bbox 1125 1277 1198 1321; x_wconf 91' lang='lat' dir='ltr'>usus</span> <span class='ocrx_word' id='word_1_52' title='bbox 1222 1265 1278 1335; x_wconf 91' lang='lat' dir='ltr'>est,</span> <span class='ocrx_word' id='word_1_53' title='bbox 1302 1267 1331 1320; x_wconf 90' lang='lat' dir='ltr'>ut</span> 
     </span>
     <span class='ocr_line' id='line_1_9' title="bbox 197 1358 1329 1442; baseline -0.001 -20"><span class='ocrx_word' id='word_1_54' title='bbox 197 1361 250 1424; x_wconf 88' lang='lat' dir='ltr'>bas</span> <span class='ocrx_word' id='word_1_55' title='bbox 273 1365 392 1442; x_wconf 81' lang='lat' dir='ltr'><strong>nuptias</strong></span> <span class='ocrx_word' id='word_1_56' title='bbox 414 1361 595 1438; x_wconf 77' lang='lat' dir='ltr'>conciliaret,</span> <span class='ocrx_word' id='word_1_57' title='bbox 621 1360 771 1434; x_wconf 89' lang='lat' dir='ltr'>devictus,</span> <span class='ocrx_word' id='word_1_58' title='bbox 794 1381 810 1424; x_wconf 94' lang='lat' dir='ltr'>a</span> <span class='ocrx_word' id='word_1_59' title='bbox 834 1365 987 1441; x_wconf 90' lang='lat' dir='ltr'>proposito</span> <span class='ocrx_word' id='word_1_60' title='bbox 1010 1358 1155 1426; x_wconf 87' lang='lat' dir='ltr'>dimoveri</span> <span class='ocrx_word' id='word_1_61' title='bbox 1181 1379 1329 1440; x_wconf 91' lang='lat' dir='ltr'>nunquam</span> 
     </span>
     <span class='ocr_line' id='line_1_10' title="bbox 197 1463 1330 1546; baseline -0.003 -19"><span class='ocrx_word' id='word_1_62' title='bbox 197 1468 307 1545; x_wconf 89' lang='lat' dir='ltr'>potuit,</span> <span class='ocrx_word' id='word_1_63' title='bbox 342 1481 440 1544; x_wconf 90' lang='lat' dir='ltr'>neque</span> <span class='ocrx_word' id='word_1_64' title='bbox 462 1463 579 1544; x_wconf 89' lang='lat' dir='ltr'>puellae</span> <span class='ocrx_word' id='word_1_65' title='bbox 611 1463 920 1544; x_wconf 90' lang='lat' dir='ltr'>decimumquartum</span> <span class='ocrx_word' id='word_1_66' title='bbox 952 1467 1058 1525; x_wconf 86' lang='lat' dir='ltr'>aetatis</span> <span class='ocrx_word' id='word_1_67' title='bbox 1089 1482 1198 1525; x_wconf 89' lang='lat' dir='ltr'>annum</span> <span class='ocrx_word' id='word_1_68' title='bbox 1230 1471 1330 1546; x_wconf 85' lang='lat' dir='ltr'>agouti</span> 
     </span>
     <span class='ocr_line' id='line_1_11' title="bbox 197 1549 1371 1648; baseline -0.003 -18"><span class='ocrx_word' id='word_1_69' title='bbox 197 1573 355 1648; x_wconf 90' lang='lat' dir='ltr'>quicquam</span> <span class='ocrx_word' id='word_1_70' title='bbox 379 1567 555 1646; x_wconf 83' lang='lat' dir='ltr'>protuerunt</span> <span class='ocrx_word' id='word_1_71' title='bbox 579 1571 689 1628; x_wconf 80' lang='lat' dir='ltr'>mixtae</span> <span class='ocrx_word' id='word_1_72' title='bbox 712 1566 831 1630; x_wconf 87' lang='lat' dir='ltr'>iletibus</span> <span class='ocrx_word' id='word_1_73' title='bbox 854 1585 974 1648; x_wconf 84' lang='lat' dir='ltr'>preceS,</span> <span class='ocrx_word' id='word_1_74' title='bbox 1003 1586 1077 1648; x_wconf 92' lang='lat' dir='ltr'>quas</span> <span class='ocrx_word' id='word_1_75' title='bbox 1099 1571 1174 1646; x_wconf 87' lang='lat' dir='ltr'>patri</span> <span class='ocrx_word' id='word_1_76' title='bbox 1198 1567 1330 1645; x_wconf 87' lang='lat' dir='ltr'>qnotidie</span> <span class='ocrx_word' id='word_1_77' title='bbox 1370 1549 1371 1574; x_wconf 49' lang='lat'><em>*</em></span> 
     </span>
     <span class='ocr_line' id='line_1_12' title="bbox 198 1669 1371 1755; baseline -0.003 -23"><span class='ocrx_word' id='word_1_78' title='bbox 198 1669 392 1748; x_wconf 80' lang='lat' dir='ltr'>effundebat,</span> <span class='ocrx_word' id='word_1_79' title='bbox 436 1687 534 1749; x_wconf 87' lang='lat' dir='ltr'>neque</span> <span class='ocrx_word' id='word_1_80' title='bbox 568 1674 732 1755; x_wconf 87' lang='lat' dir='ltr'>amicorum</span> <span class='ocrx_word' id='word_1_81' title='bbox 769 1674 1124 1752; x_wconf 87' lang='lat' dir='ltr'>consanguineorurnque</span> <span class='ocrx_word' id='word_1_82' title='bbox 1162 1671 1261 1732; x_wconf 83' lang='lat' dir='ltr'>studia</span> <span class='ocrx_word' id='word_1_83' title='bbox 1305 1675 1332 1730; x_wconf 87' lang='lat' dir='ltr'>et</span> <span class='ocrx_word' id='word_1_84' title='bbox 1370 1735 1371 1740; x_wconf 9' lang='grc' dir='ltr'>η</span> 
     </span>
     <span class='ocr_line' id='line_1_13' title="bbox 197 1771 1371 1853; baseline -0.002 -18"><span class='ocrx_word' id='word_1_85' title='bbox 197 1771 304 1850; x_wconf 83' lang='lat' dir='ltr'>officia,</span> <span class='ocrx_word' id='word_1_86' title='bbox 328 1778 529 1834; x_wconf 89' lang='lat' dir='ltr'>matronarum</span> <span class='ocrx_word' id='word_1_87' title='bbox 552 1775 744 1853; x_wconf 91' lang='lat' dir='ltr'>virorumque</span> <span class='ocrx_word' id='word_1_88' title='bbox 767 1771 909 1834; x_wconf 86' lang='lat' dir='ltr'>nobilium</span> <span class='ocrx_word' id='word_1_89' title='bbox 933 1773 1227 1850; x_wconf 79' lang='lat' dir='ltr'>commendationes,</span> <span class='ocrx_word' id='word_1_90' title='bbox 1262 1779 1333 1852; x_wconf 90' lang='lat' dir='ltr'>qui-</span> <span class='ocrx_word' id='word_1_91' title='bbox 1370 1807 1371 1810; x_wconf 61' lang='lat'><em>=</em></span> 
     </span>
     <span class='ocr_line' id='line_1_14' title="bbox 197 1871 1330 1959; baseline -0.001 -23"><span class='ocrx_word' id='word_1_92' title='bbox 197 1876 251 1938; x_wconf 91' lang='lat' dir='ltr'>bus</span> <span class='ocrx_word' id='word_1_93' title='bbox 274 1873 449 1937; x_wconf 90' lang='lat' dir='ltr'>obduratum</span> <span class='ocrx_word' id='word_1_94' title='bbox 473 1879 564 1954; x_wconf 90' lang='lat' dir='ltr'>patris</span> <span class='ocrx_word' id='word_1_95' title='bbox 578 1881 707 1938; x_wconf 91' lang='lat' dir='ltr'>animum</span> <span class='ocrx_word' id='word_1_96' title='bbox 723 1871 857 1959; x_wconf 83' lang='lat' dir='ltr'>quotidie</span> <span class='ocrx_word' id='word_1_97' title='bbox 872 1875 1116 1959; x_wconf 78' lang='lat' dir='ltr'>aggrediebatur,</span> <span class='ocrx_word' id='word_1_98' title='bbox 1140 1893 1228 1956; x_wconf 90' lang='lat' dir='ltr'>opem</span> <span class='ocrx_word' id='word_1_99' title='bbox 1242 1875 1330 1936; x_wconf 88' lang='lat' dir='ltr'>ullam</span> 
     </span>
     <span class='ocr_line' id='line_1_15' title="bbox 197 1978 1329 2060; baseline 0 -22"><span class='ocrx_word' id='word_1_100' title='bbox 197 1983 225 2038; x_wconf 92' lang='lat' dir='ltr'>ei</span> <span class='ocrx_word' id='word_1_101' title='bbox 249 1981 472 2060; x_wconf 90' lang='lat' dir='ltr'>praestiterunt,</span> <span class='ocrx_word' id='word_1_102' title='bbox 487 1983 664 2057; x_wconf 90' lang='lat' dir='ltr'>perpetuum</span> <span class='ocrx_word' id='word_1_103' title='bbox 678 1981 757 2038; x_wconf 89' lang='lat' dir='ltr'>enim</span> <span class='ocrx_word' id='word_1_104' title='bbox 775 1983 839 2039; x_wconf 89' lang='lat' dir='ltr'>erat</span> <span class='ocrx_word' id='word_1_105' title='bbox 862 1981 892 2037; x_wconf 91' lang='lat' dir='ltr'>ia</span> <span class='ocrx_word' id='word_1_106' title='bbox 909 1995 962 2040; x_wconf 89' lang='lat' dir='ltr'>ore</span> <span class='ocrx_word' id='word_1_107' title='bbox 972 1980 1051 2042; x_wconf 90' lang='lat' dir='ltr'>illius</span> <span class='ocrx_word' id='word_1_108' title='bbox 1067 1999 1204 2043; x_wconf 89' lang='lat' dir='ltr'>carmen:</span> <span class='ocrx_word' id='word_1_109' title='bbox 1230 1978 1329 2046; x_wconf 84' lang='lat' dir='ltr'>iidem,</span> 
     </span>
     <span class='ocr_line' id='line_1_16' title="bbox 196 2059 1329 2164; baseline -0.003 -20"><span class='ocrx_word' id='word_1_110' title='bbox 196 2101 283 2164; x_wconf 91' lang='lat' dir='ltr'>quam</span> <span class='ocrx_word' id='word_1_111' title='bbox 298 2079 430 2159; x_wconf 80' lang='lat' dir='ltr'>dederat,</span> <span class='ocrx_word' id='word_1_112' title='bbox 455 2079 558 2141; x_wconf 83' lang='lat' dir='ltr'>tallere</span> <span class='ocrx_word' id='word_1_113' title='bbox 581 2059 750 2160; x_wconf 80' lang='lat' dir='ltr'>nonposse.</span> <span class='ocrx_word' id='word_1_114' title='bbox 774 2077 837 2140; x_wconf 91' lang='lat' dir='ltr'>Nec</span> <span class='ocrx_word' id='word_1_115' title='bbox 860 2085 959 2142; x_wconf 89' lang='lat' dir='ltr'>tamen</span> <span class='ocrx_word' id='word_1_116' title='bbox 975 2099 1058 2162; x_wconf 91' lang='lat' dir='ltr'>spem</span> <span class='ocrx_word' id='word_1_117' title='bbox 1083 2081 1329 2162; x_wconf 85' lang='lat' dir='ltr'>abjecitloanoa‚</span> 
     </span>
     <span class='ocr_line' id='line_1_17' title="bbox 196 2181 1329 2264; baseline -0.004 -18"><span class='ocrx_word' id='word_1_118' title='bbox 196 2202 262 2246; x_wconf 88' lang='lat' dir='ltr'>nam</span> <span class='ocrx_word' id='word_1_119' title='bbox 288 2185 480 2247; x_wconf 89' lang='lat' dir='ltr'>Luceoriensi</span> <span class='ocrx_word' id='word_1_120' title='bbox 509 2183 675 2264; x_wconf 83' lang='lat' dir='ltr'>Episcopo,</span> <span class='ocrx_word' id='word_1_121' title='bbox 707 2187 758 2264; x_wconf 90' lang='lat' dir='ltr'>qui</span> <span class='ocrx_word' id='word_1_122' title='bbox 788 2181 824 2244; x_wconf 92' lang='lat' dir='ltr'>ad</span> <span class='ocrx_word' id='word_1_123' title='bbox 853 2189 1085 2264; x_wconf 88' lang='lat' dir='ltr'>monasterium,</span> <span class='ocrx_word' id='word_1_124' title='bbox 1120 2189 1148 2244; x_wconf 92' lang='lat' dir='ltr'>in</span> <span class='ocrx_word' id='word_1_125' title='bbox 1179 2203 1239 2264; x_wconf 91' lang='lat' dir='ltr'>quo</span> <span class='ocrx_word' id='word_1_126' title='bbox 1268 2188 1329 2263; x_wconf 91' lang='lat' dir='ltr'>ipsa</span> 
     </span>
     <span class='ocr_line' id='line_1_18' title="bbox 195 2271 1331 2366; baseline -0.004 -19"><span class='ocrx_word' id='word_1_127' title='bbox 195 2295 259 2349; x_wconf 90' lang='lat' dir='ltr'>erat</span> <span class='ocrx_word' id='word_1_128' title='bbox 282 2333 291 2366; x_wconf 91' lang='lat'>,</span> <span class='ocrx_word' id='word_1_129' title='bbox 314 2291 410 2362; x_wconf 90' lang='lat' dir='ltr'>venit,</span> <span class='ocrx_word' id='word_1_130' title='bbox 435 2287 515 2348; x_wconf 89' lang='lat' dir='ltr'>nolle</span> <span class='ocrx_word' id='word_1_131' title='bbox 538 2271 661 2350; x_wconf 90' lang='lat' dir='ltr'>omniuo</span> <span class='ocrx_word' id='word_1_132' title='bbox 682 2285 734 2347; x_wconf 89' lang='lat' dir='ltr'>bas</span> <span class='ocrx_word' id='word_1_133' title='bbox 756 2289 873 2364; x_wconf 82' lang='lat' dir='ltr'>nuptias</span> <span class='ocrx_word' id='word_1_134' title='bbox 896 2287 1074 2348; x_wconf 82' lang='lat' dir='ltr'>contrahere</span> <span class='ocrx_word' id='word_1_135' title='bbox 1097 2287 1278 2362; x_wconf 88' lang='lat' dir='ltr'>declaravit,</span> <span class='ocrx_word' id='word_1_136' title='bbox 1303 2290 1331 2344; x_wconf 84' lang='lat' dir='ltr'>ct</span> 
     </span>
     <span class='ocr_line' id='line_1_19' title="bbox 194 2387 1332 2474; baseline -0.004 -22"><span class='ocrx_word' id='word_1_137' title='bbox 194 2395 218 2453; x_wconf 92' lang='lat' dir='ltr'>si</span> <span class='ocrx_word' id='word_1_138' title='bbox 242 2397 420 2474; x_wconf 79' lang='lat' dir='ltr'>cogeretur,</span> <span class='ocrx_word' id='word_1_139' title='bbox 453 2408 522 2452; x_wconf 89' lang='lat' dir='ltr'>eum</span> <span class='ocrx_word' id='word_1_140' title='bbox 544 2395 575 2451; x_wconf 90' lang='lat' dir='ltr'>in</span> <span class='ocrx_word' id='word_1_141' title='bbox 598 2393 722 2468; x_wconf 90' lang='lat' dir='ltr'>testem,</span> <span class='ocrx_word' id='word_1_142' title='bbox 747 2387 939 2468; x_wconf 88' lang='lat' dir='ltr'>advocatum,</span> <span class='ocrx_word' id='word_1_143' title='bbox 969 2389 1102 2470; x_wconf 88' lang='lat' dir='ltr'>judicem</span> <span class='ocrx_word' id='word_1_144' title='bbox 1126 2393 1251 2470; x_wconf 90' lang='lat' dir='ltr'>accepit.</span> <span class='ocrx_word' id='word_1_145' title='bbox 1301 2387 1332 2447; x_wconf 94' lang='lat' dir='ltr'>ln</span> 
     </span>
     <span class='ocr_line' id='line_1_20' title="bbox 195 2493 1333 2576; baseline -0.005 -20"><span class='ocrx_word' id='word_1_146' title='bbox 195 2495 286 2556; x_wconf 90' lang='lat' dir='ltr'>aedes</span> <span class='ocrx_word' id='word_1_147' title='bbox 308 2500 446 2576; x_wconf 89' lang='lat' dir='ltr'>paternas</span> <span class='ocrx_word' id='word_1_148' title='bbox 469 2493 590 2556; x_wconf 87' lang='lat' dir='ltr'>reducta</span> <span class='ocrx_word' id='word_1_149' title='bbox 613 2495 668 2572; x_wconf 89' lang='lat' dir='ltr'>ipsi</span> <span class='ocrx_word' id='word_1_150' title='bbox 692 2509 802 2571; x_wconf 92' lang='lat' dir='ltr'>sponso</span> <span class='ocrx_word' id='word_1_151' title='bbox 825 2497 955 2553; x_wconf 90' lang='lat' dir='ltr'>animum</span> <span class='ocrx_word' id='word_1_152' title='bbox 979 2495 1216 2574; x_wconf 84' lang='lat' dir='ltr'>suum‘aperuit,</span> <span class='ocrx_word' id='word_1_153' title='bbox 1240 2509 1333 2552; x_wconf 88' lang='lat' dir='ltr'>eum-</span> 
     </span>
     <span class='ocr_line' id='line_1_21' title="bbox 194 2593 1334 2679; baseline -0.005 -21"><span class='ocrx_word' id='word_1_154' title='bbox 194 2600 253 2678; x_wconf 71' lang='lat' dir='ltr'>q&#39;ue</span> <span class='ocrx_word' id='word_1_155' title='bbox 275 2601 404 2679; x_wconf 87' lang='lat' dir='ltr'>rogavit,</span> <span class='ocrx_word' id='word_1_156' title='bbox 429 2603 460 2657; x_wconf 88' lang='lat' dir='ltr'>ut</span> <span class='ocrx_word' id='word_1_157' title='bbox 483 2596 519 2658; x_wconf 90' lang='lat' dir='ltr'>ab</span> <span class='ocrx_word' id='word_1_158' title='bbox 540 2593 587 2657; x_wconf 91' lang='lat' dir='ltr'>his</span> <span class='ocrx_word' id='word_1_159' title='bbox 611 2597 723 2674; x_wconf 88' lang='lat' dir='ltr'>nuptiis</span> <span class='ocrx_word' id='word_1_160' title='bbox 746 2593 910 2655; x_wconf 86' lang='lat' dir='ltr'>recederet.</span> <span class='ocrx_word' id='word_1_161' title='bbox 957 2595 1037 2656; x_wconf 92' lang='lat' dir='ltr'>Haec</span> <span class='ocrx_word' id='word_1_162' title='bbox 1055 2615 1122 2657; x_wconf 90' lang='lat' dir='ltr'>cum</span> <span class='ocrx_word' id='word_1_163' title='bbox 1146 2600 1229 2676; x_wconf 84' lang='lat' dir='ltr'>patet</span> <span class='ocrx_word' id='word_1_164' title='bbox 1253 2613 1334 2676; x_wconf 84' lang='lat' dir='ltr'>cog-</span> 
     </span>
     <span class='ocr_line' id='line_1_22' title="bbox 194 2695 1333 2778; baseline -0.005 -17"><span class='ocrx_word' id='word_1_165' title='bbox 194 2703 338 2776; x_wconf 89' lang='lat' dir='ltr'>novisset,</span> <span class='ocrx_word' id='word_1_166' title='bbox 363 2697 451 2776; x_wconf 87' lang='lat' dir='ltr'>filiae,</span> <span class='ocrx_word' id='word_1_167' title='bbox 476 2703 506 2760; x_wconf 90' lang='lat' dir='ltr'>ni</span> <span class='ocrx_word' id='word_1_168' title='bbox 529 2701 706 2759; x_wconf 88' lang='lat' dir='ltr'>&#39;seutentiam</span> <span class='ocrx_word' id='word_1_169' title='bbox 721 2704 859 2776; x_wconf 87' lang='lat' dir='ltr'>mutaret,</span> <span class='ocrx_word' id='word_1_170' title='bbox 884 2703 912 2758; x_wconf 93' lang='lat' dir='ltr'>et</span> <span class='ocrx_word' id='word_1_171' title='bbox 926 2695 1042 2758; x_wconf 88' lang='lat' dir='ltr'>Petrum</span> <span class='ocrx_word' id='word_1_172' title='bbox 1060 2703 1155 2759; x_wconf 90' lang='lat' dir='ltr'>virum</span> <span class='ocrx_word' id='word_1_173' title='bbox 1171 2701 1333 2778; x_wconf 85' lang='lat' dir='ltr'>reciperet,</span> 
     </span>
     <span class='ocr_line' id='line_1_23' title="bbox 196 2795 1334 2886; baseline -0.003 -25"><span class='ocrx_word' id='word_1_174' title='bbox 196 2795 368 2886; x_wconf 82' lang='lat' dir='ltr'>perpetuam</span> <span class='ocrx_word' id='word_1_175' title='bbox 393 2805 595 2884; x_wconf 88' lang='lat' dir='ltr'>virginitatem</span> <span class='ocrx_word' id='word_1_176' title='bbox 619 2801 794 2864; x_wconf 86' lang='lat' dir='ltr'>inClaustro</span> <span class='ocrx_word' id='word_1_177' title='bbox 818 2799 986 2864; x_wconf 87' lang='lat' dir='ltr'>etverbera</span> <span class='ocrx_word' id='word_1_178' title='bbox 1009 2799 1125 2860; x_wconf 80' lang='lat' dir='ltr'>indixit.</span> <span class='ocrx_word' id='word_1_179' title='bbox 1165 2800 1334 2862; x_wconf 89' lang='lat' dir='ltr'>Luctuosus</span> 
     </span>
     <span class='ocr_line' id='line_1_24' title="bbox 193 2902 1335 2985; baseline -0.002 -21"><span class='ocrx_word' id='word_1_180' title='bbox 193 2905 251 2985; x_wconf 86' lang='lat' dir='ltr'>jam</span> <span class='ocrx_word' id='word_1_181' title='bbox 277 2904 341 2965; x_wconf 91' lang='lat' dir='ltr'>dies</span> <span class='ocrx_word' id='word_1_182' title='bbox 358 2909 526 2984; x_wconf 86' lang='lat' dir='ltr'>nuptiarum</span> <span class='ocrx_word' id='word_1_183' title='bbox 542 2903 715 2978; x_wconf 86' lang='lat' dir='ltr'>advenerat,</span> <span class='ocrx_word' id='word_1_184' title='bbox 739 2909 839 2983; x_wconf 90' lang='lat' dir='ltr'>parata</span> <span class='ocrx_word' id='word_1_185' title='bbox 860 2910 944 2964; x_wconf 89' lang='lat' dir='ltr'>erant</span> <span class='ocrx_word' id='word_1_186' title='bbox 966 2907 1080 2976; x_wconf 72' lang='lat' dir='ltr'>neaniai</span> <span class='ocrx_word' id='word_1_187' title='bbox 1103 2902 1210 2964; x_wconf 91' lang='lat' dir='ltr'>domus</span> <span class='ocrx_word' id='word_1_188' title='bbox 1236 2909 1335 2963; x_wconf 88' lang='lat' dir='ltr'>tamen</span> 
     </span>
     <span class='ocr_line' id='line_1_25' title="bbox 196 3005 1334 3088; baseline 0 -22"><span class='ocrx_word' id='word_1_189' title='bbox 196 3005 374 3067; x_wconf 89' lang='lat' dir='ltr'>clamoribus</span> <span class='ocrx_word' id='word_1_190' title='bbox 404 3013 434 3066; x_wconf 91' lang='lat' dir='ltr'>et</span> <span class='ocrx_word' id='word_1_191' title='bbox 457 3007 604 3088; x_wconf 86' lang='lat' dir='ltr'>querelis,</span> <span class='ocrx_word' id='word_1_192' title='bbox 634 3009 665 3064; x_wconf 92' lang='lat' dir='ltr'>et</span> <span class='ocrx_word' id='word_1_193' title='bbox 696 3005 826 3066; x_wconf 82' lang='lat' dir='ltr'>terniaco</span> <span class='ocrx_word' id='word_1_194' title='bbox 856 3005 967 3068; x_wconf 89' lang='lat' dir='ltr'>ululatu</span> <span class='ocrx_word' id='word_1_195' title='bbox 999 3005 1130 3088; x_wconf 89' lang='lat' dir='ltr'>undique</span> <span class='ocrx_word' id='word_1_196' title='bbox 1161 3006 1334 3082; x_wconf 88' lang='lat' dir='ltr'>resonabat,</span> 
     </span>
     <span class='ocr_line' id='line_1_26' title="bbox 197 3107 1335 3190; baseline -0.002 -20"><span class='ocrx_word' id='word_1_197' title='bbox 197 3109 356 3171; x_wconf 82' lang='lat' dir='ltr'>lliovcnsis</span> <span class='ocrx_word' id='word_1_198' title='bbox 379 3107 541 3190; x_wconf 81' lang='lat' dir='ltr'>Episcopus</span> <span class='ocrx_word' id='word_1_199' title='bbox 564 3107 783 3171; x_wconf 85' lang='lat' dir='ltr'>Pontificalibus</span> <span class='ocrx_word' id='word_1_200' title='bbox 806 3108 938 3171; x_wconf 89' lang='lat' dir='ltr'>vestibus</span> <span class='ocrx_word' id='word_1_201' title='bbox 961 3107 1081 3169; x_wconf 86' lang='lat' dir='ltr'>indatus</span> <span class='ocrx_word' id='word_1_202' title='bbox 1104 3127 1247 3188; x_wconf 87' lang='lat' dir='ltr'>sponsam</span> <span class='ocrx_word' id='word_1_203' title='bbox 1274 3128 1335 3169; x_wconf 83' lang='lat' dir='ltr'>ex-</span> 
     </span>
     <span class='ocr_line' id='line_1_27' title="bbox 197 3210 1336 3292; baseline -0.002 -20"><span class='ocrx_word' id='word_1_204' title='bbox 197 3213 355 3291; x_wconf 80' lang='lat' dir='ltr'>spectabat,</span> <span class='ocrx_word' id='word_1_205' title='bbox 380 3217 410 3270; x_wconf 89' lang='lat' dir='ltr'>et</span> <span class='ocrx_word' id='word_1_206' title='bbox 432 3230 499 3272; x_wconf 92' lang='lat' dir='ltr'>cum</span> <span class='ocrx_word' id='word_1_207' title='bbox 521 3215 553 3272; x_wconf 90' lang='lat' dir='ltr'>in</span> <span class='ocrx_word' id='word_1_208' title='bbox 567 3211 730 3272; x_wconf 82' lang='lat' dir='ltr'>Ecclesiam</span> <span class='ocrx_word' id='word_1_209' title='bbox 756 3229 813 3271; x_wconf 91' lang='lat' dir='ltr'>aon</span> <span class='ocrx_word' id='word_1_210' title='bbox 837 3216 964 3289; x_wconf 87' lang='lat' dir='ltr'>veniret,</span> <span class='ocrx_word' id='word_1_211' title='bbox 985 3211 1047 3292; x_wconf 86' lang='lat' dir='ltr'>jam</span> <span class='ocrx_word' id='word_1_212' title='bbox 1064 3217 1165 3272; x_wconf 86' lang='lat' dir='ltr'>vestes</span> <span class='ocrx_word' id='word_1_213' title='bbox 1179 3210 1336 3292; x_wconf 89' lang='lat' dir='ltr'>deponere</span> 
     </span>
     <span class='ocr_line' id='line_1_28' title="bbox 197 3311 1336 3390; baseline -0.004 -14"><span class='ocrx_word' id='word_1_214' title='bbox 197 3320 226 3376; x_wconf 90' lang='lat' dir='ltr'>et</span> <span class='ocrx_word' id='word_1_215' title='bbox 255 3315 292 3377; x_wconf 92' lang='lat' dir='ltr'>ab</span> <span class='ocrx_word' id='word_1_216' title='bbox 314 3313 447 3376; x_wconf 80' lang='lat' dir='ltr'>Ecclesia</span> <span class='ocrx_word' id='word_1_217' title='bbox 478 3311 634 3374; x_wconf 88' lang='lat' dir='ltr'>discedere</span> <span class='ocrx_word' id='word_1_218' title='bbox 664 3313 866 3375; x_wconf 84' lang='lat' dir='ltr'>meditabatur.</span> <span class='ocrx_word' id='word_1_219' title='bbox 912 3311 1001 3375; x_wconf 91' lang='lat' dir='ltr'>Venit</span> <span class='ocrx_word' id='word_1_220' title='bbox 1030 3313 1078 3376; x_wconf 90' lang='lat' dir='ltr'>illa</span> <span class='ocrx_word' id='word_1_221' title='bbox 1111 3311 1249 3390; x_wconf 88' lang='lat' dir='ltr'>tandem,</span> <span class='ocrx_word' id='word_1_222' title='bbox 1281 3313 1336 3374; x_wconf 86' lang='lat' dir='ltr'>sed</span> 
     </span>
     <span class='ocr_line' id='line_1_29' title="bbox 196 3416 1337 3498; baseline -0.004 -18"><span class='ocrx_word' id='word_1_223' title='bbox 196 3421 236 3480; x_wconf 89' lang='lat' dir='ltr'>ila</span> <span class='ocrx_word' id='word_1_224' title='bbox 260 3423 352 3495; x_wconf 82' lang='lat' dir='ltr'>acuit,</span> <span class='ocrx_word' id='word_1_225' title='bbox 376 3423 407 3477; x_wconf 89' lang='lat' dir='ltr'>ut</span> <span class='ocrx_word' id='word_1_226' title='bbox 430 3417 467 3477; x_wconf 88' lang='lat' dir='ltr'>ad</span> <span class='ocrx_word' id='word_1_227' title='bbox 492 3419 699 3498; x_wconf 76' lang='lat' dir='ltr'>lbrruspotiuS,</span> <span class='ocrx_word' id='word_1_228' title='bbox 724 3436 812 3498; x_wconf 86' lang='lat' dir='ltr'>quarn</span> <span class='ocrx_word' id='word_1_229' title='bbox 836 3416 873 3477; x_wconf 91' lang='lat' dir='ltr'>ad</span> <span class='ocrx_word' id='word_1_230' title='bbox 898 3419 1013 3496; x_wconf 90' lang='lat' dir='ltr'>nuptias</span> <span class='ocrx_word' id='word_1_231' title='bbox 1036 3422 1183 3498; x_wconf 87' lang='lat' dir='ltr'>protracta</span> <span class='ocrx_word' id='word_1_232' title='bbox 1208 3416 1337 3476; x_wconf 89' lang='lat' dir='ltr'>ridere-</span> 
     </span>
     <span class='ocr_line' id='line_1_30' title="bbox 198 3520 1336 3600; baseline -0.005 -18"><span class='ocrx_word' id='word_1_233' title='bbox 198 3530 258 3596; x_wconf 85' lang='lat' dir='ltr'>tur3</span> <span class='ocrx_word' id='word_1_234' title='bbox 282 3539 378 3600; x_wconf 80' lang='lat' dir='ltr'>neque</span> <span class='ocrx_word' id='word_1_235' title='bbox 402 3521 544 3581; x_wconf 87' lang='lat' dir='ltr'>solerrmia</span> <span class='ocrx_word' id='word_1_236' title='bbox 568 3520 656 3581; x_wconf 87' lang='lat' dir='ltr'>rerba</span> <span class='ocrx_word' id='word_1_237' title='bbox 673 3520 853 3600; x_wconf 86' lang='lat' dir='ltr'>protulisset,</span> <span class='ocrx_word' id='word_1_238' title='bbox 877 3521 933 3580; x_wconf 87' lang='lat' dir='ltr'>nisi</span> <span class='ocrx_word' id='word_1_239' title='bbox 957 3524 1048 3600; x_wconf 87' lang='lat' dir='ltr'>patris</span> <span class='ocrx_word' id='word_1_240' title='bbox 1071 3523 1240 3599; x_wconf 88' lang='lat' dir='ltr'>praesentia</span> <span class='ocrx_word' id='word_1_241' title='bbox 1268 3538 1336 3579; x_wconf 88' lang='lat' dir='ltr'>earu</span> 
     </span>
     <span class='ocr_line' id='line_1_31' title="bbox 197 3619 1337 3704; baseline -0.004 -20"><span class='ocrx_word' id='word_1_242' title='bbox 197 3625 372 3704; x_wconf 74' lang='lat' dir='ltr'>impulisset,</span> <span class='ocrx_word' id='word_1_243' title='bbox 418 3622 512 3684; x_wconf 88' lang='lat' dir='ltr'>Nocte</span> <span class='ocrx_word' id='word_1_244' title='bbox 535 3619 570 3682; x_wconf 90' lang='lat' dir='ltr'>ad</span> <span class='ocrx_word' id='word_1_245' title='bbox 584 3627 639 3683; x_wconf 88' lang='lat' dir='ltr'>viri</span> <span class='ocrx_word' id='word_1_246' title='bbox 665 3621 822 3684; x_wconf 89' lang='lat' dir='ltr'>thalamum</span> <span class='ocrx_word' id='word_1_247' title='bbox 839 3623 993 3702; x_wconf 88' lang='lat' dir='ltr'>perducta,</span> <span class='ocrx_word' id='word_1_248' title='bbox 1017 3621 1126 3684; x_wconf 90' lang='lat' dir='ltr'>bellum</span> <span class='ocrx_word' id='word_1_249' title='bbox 1140 3621 1241 3683; x_wconf 89' lang='lat' dir='ltr'>babuit</span> <span class='ocrx_word' id='word_1_250' title='bbox 1267 3641 1337 3682; x_wconf 91' lang='lat' dir='ltr'>cum</span> 
     </span>
     <span class='ocr_line' id='line_1_32' title="bbox 199 3723 1338 3808; baseline -0.004 -22"><span class='ocrx_word' id='word_1_251' title='bbox 199 3729 280 3806; x_wconf 87' lang='lat' dir='ltr'>viro,</span> <span class='ocrx_word' id='word_1_252' title='bbox 310 3725 534 3787; x_wconf 77' lang='lat' dir='ltr'>rennuentibus</span> <span class='ocrx_word' id='word_1_253' title='bbox 565 3729 702 3808; x_wconf 85' lang='lat' dir='ltr'>vestigiis</span> <span class='ocrx_word' id='word_1_254' title='bbox 734 3743 902 3808; x_wconf 87' lang='lat' dir='ltr'>pugnorum</span> <span class='ocrx_word' id='word_1_255' title='bbox 934 3730 964 3786; x_wconf 90' lang='lat' dir='ltr'>io</span> <span class='ocrx_word' id='word_1_256' title='bbox 995 3723 1079 3786; x_wconf 90' lang='lat' dir='ltr'>vultu</span> <span class='ocrx_word' id='word_1_257' title='bbox 1109 3730 1235 3786; x_wconf 90' lang='lat' dir='ltr'>contuso</span> <span class='ocrx_word' id='word_1_258' title='bbox 1268 3728 1338 3798; x_wconf 86' lang='lat' dir='ltr'>viri,</span> 
     </span>
     <span class='ocr_line' id='line_1_33' title="bbox 198 3817 1338 3911; baseline -0.003 -21"><span class='ocrx_word' id='word_1_259' title='bbox 198 3847 285 3908; x_wconf 88' lang='lat' dir='ltr'>quem</span> <span class='ocrx_word' id='word_1_260' title='bbox 309 3817 428 3908; x_wconf 83' lang='lat' dir='ltr'>seraper</span> <span class='ocrx_word' id='word_1_261' title='bbox 451 3828 537 3911; x_wconf 86' lang='lat' dir='ltr'>fugit,</span> <span class='ocrx_word' id='word_1_262' title='bbox 561 3846 690 3908; x_wconf 89' lang='lat' dir='ltr'>seseque</span> <span class='ocrx_word' id='word_1_263' title='bbox 712 3829 748 3890; x_wconf 89' lang='lat' dir='ltr'>ab</span> <span class='ocrx_word' id='word_1_264' title='bbox 771 3829 1002 3890; x_wconf 79' lang='lat' dir='ltr'>eo&#39;ioviolatam</span> <span class='ocrx_word' id='word_1_265' title='bbox 1026 3832 1173 3906; x_wconf 86' lang='lat' dir='ltr'>servavit,</span> <span class='ocrx_word' id='word_1_266' title='bbox 1197 3833 1338 3908; x_wconf 85' lang='lat' dir='ltr'>patrem-</span> 
     </span>
     <span class='ocr_line' id='line_1_34' title="bbox 198 3929 1338 4012; baseline 0.003 -20"><span class='ocrx_word' id='word_1_267' title='bbox 198 3947 257 4012; x_wconf 87' lang='lat' dir='ltr'>que</span> <span class='ocrx_word' id='word_1_268' title='bbox 279 3929 399 3994; x_wconf 89' lang='lat' dir='ltr'>assidoo</span> <span class='ocrx_word' id='word_1_269' title='bbox 422 3935 581 3995; x_wconf 88' lang='lat' dir='ltr'>certiorem</span> <span class='ocrx_word' id='word_1_270' title='bbox 604 3930 729 4000; x_wconf 85' lang='lat' dir='ltr'>reddere</span> <span class='ocrx_word' id='word_1_271' title='bbox 752 3949 812 3994; x_wconf 87' lang='lat' dir='ltr'>uon</span> <span class='ocrx_word' id='word_1_272' title='bbox 835 3931 958 4010; x_wconf 86' lang='lat' dir='ltr'>destitit,</span> <span class='ocrx_word' id='word_1_273' title='bbox 982 3935 1014 3995; x_wconf 85' lang='lat' dir='ltr'>ut</span> <span class='ocrx_word' id='word_1_274' title='bbox 1035 3937 1154 3998; x_wconf 81' lang='lat' dir='ltr'>curaret</span> <span class='ocrx_word' id='word_1_275' title='bbox 1177 3931 1230 3996; x_wconf 86' lang='lat' dir='ltr'>bas</span> <span class='ocrx_word' id='word_1_276' title='bbox 1255 3949 1338 4011; x_wconf 86' lang='lat' dir='ltr'>nup·</span> 
     </span>
     <span class='ocr_line' id='line_1_35' title="bbox 199 4033 849 4101; baseline -0.002 -9"><span class='ocrx_word' id='word_1_277' title='bbox 199 4038 255 4101; x_wconf 80' lang='lat' dir='ltr'>tias</span> <span class='ocrx_word' id='word_1_278' title='bbox 277 4033 398 4094; x_wconf 85' lang='lat' dir='ltr'>dissolri</span> <span class='ocrx_word' id='word_1_279' title='bbox 422 4083 428 4096; x_wconf 88' lang='lat'><strong>.</strong></span> <span class='ocrx_word' id='word_1_280' title='bbox 454 4079 460 4093; x_wconf 95' lang='lat'>.</span> <span class='ocrx_word' id='word_1_281' title='bbox 485 4085 491 4096; x_wconf 89' lang='lat'><em>.</em></span> <span class='ocrx_word' id='word_1_282' title='bbox 847 4049 849 4054; x_wconf 91' lang='lat'>·</span> 
     </span>
    </p>
   </div>
   <div class='ocr_carea' id='block_1_5' title="bbox 0 0 1386 4664">
    <p class='ocr_par' dir='ltr' id='par_1_5' title="bbox 0 0 1386 4664">
     <span class='ocr_line' id='line_1_36' title="bbox 0 0 1386 4664; baseline 0 0"><span class='ocrx_word' id='word_1_283' title='bbox 0 0 1386 4664; x_wconf 95' lang='lat' dir='ltr'> </span> 
     </span>
    </p>
   </div>
  </div>
 </body>
</html>
