2746 4646
167 207 209 274 88
389 221 399 238 ¹
431 221 469 276 lte
485 223 672 292 impedimentis
690 223 876 274 matrimonium
895 221 1079 274 dirimentibus.

169 389 224 460 est,
249 387 273 444 si
297 379 444 443 contrahit
473 386 591 442 servata
623 381 717 443 lorma
749 379 914 442 Tridentini
945 381 1025 441 eatis
1054 365 1125 454 estp
1146 385 1180 440 ut
1207 379 1306 440 valide

168 483 330 562 contrabat,
354 483 423 545 licet
447 488 668 546 matrimonium
691 487 730 544 sit
751 481 903 558 illicitum,
933 486 965 541 ut
996 483 1155 560 reprobato
1188 481 1303 542 Pontia.

168 586 188 647 l.
212 587 240 649 7.
264 585 302 646 de
324 591 410 649 matr.
444 605 467 646 c.
497 584 546 649 53.
576 564 608 648 n.
634 585 653 648 5
677 590 707 645 et
728 580 757 647 e.
781 587 829 646 cui
856 583 966 664 placuit
997 582 1113 644 nullum
1143 582 1306 646 dicendum

139 707 142 713 ·
168 705 236 750 esse
268 691 507 766 matrimonium,
542 687 705 750 defendunt
726 685 880 765 Borboso,
904 691 936 748 iu
968 705 1029 766 cap.
1062 687 1223 750 Dominus.
1257 691 1306 750 cit.

167 790 263 868 Bora,
286 789 417 865 Louric,
440 789 628 870 Pipooteltus
657 797 712 854 etc.
740 791 833 871 'quam
863 795 1042 852 seutentiam
1071 787 1102 852 S.
1132 789 1163 852 G.
1194 807 1308 870 appro-

168 893 242 954 bans
270 891 307 953 ad
335 891 466 971 nubium,
499 913 537 956 an
565 901 683 958 constet
717 893 754 954 de
787 893 919 955 nullitate
949 896 1130 954 matrimonii
1159 897 1192 953 in
1221 911 1303 969 casu,

169 994 339 1074 respondit:
365 995 595 1076 ‚,Nepoticc“.²)
1223 1001 1227 1014 ’

685 1161 712 1232 t·
737 1154 789 1218 27.

448 1303 509 1371 'll.
547 1303 585 1368 lle
618 1303 801 1390 impedimento
831 1303 996 1370 conditionis

523 1443 549 1506 a)
570 1441 781 1491 conditionis
809 1438 955 1490 servilia.

256 1573 395 1636 Condalio
417 1573 482 1638 boc.
505 1575 571 1639 loco
593 1581 625 1638 in
654 1575 764 1655 duplici
796 1591 889 1643 seusu
920 1574 1006 1636 valde
1035 1575 1157 1636 ‹liverso
1187 1581 1233 1638 est
1257 1579 1309 1634 in-

169 1677 346 1760 religendo,
371 1681 510 1740 nimirum
541 1684 574 1752 a)
602 1683 730 1743 sumitur
758 1676 795 1738 de
824 1676 995 1739 conditione
1026 1677 1130 1748 servili
1159 1676 1208 1736 vel
1238 1694 1310 1738 ser-

169 1783 275 1848 utute,
289 1782 378 1840 etiam
393 1778 428 1854 b)
441 1778 478 1839 de
490 1779 661 1842 conditione
680 1784 710 1840 in
727 1795 818 1842 seusu
835 1786 1000 1855 consueto,
1016 1782 1035 1838 i.
1058 1796 1084 1842 e.
1110 1780 1147 1840 de
1165 1783 1311 1850 circum-

171 1885 279 1944 stantia
301 1879 427 1960 quadam
451 1897 604 1961 expressa,
624 1883 661 1944 de
680 1902 739 1964 qua
761 1881 1162 1952 eonsensusmatrimouialis
1180 1880 1305 1960 ‚depen—

170 1982 237 2050 det*
256 2017 294 2026 -
319 1983 363 2042 De
391 1984 603 2062 impedimento
631 1989 733 2048 autem
768 1983 948 2050 conditionis
983 1987 1101 2048 servilis
1128 1983 1202 2046 baec
1239 1991 1310 2046 suut

173 2085 318 2148 notanda:
427 2077 432 2100 '

199 2189 232 2264 i)
261 2188 447 2252 Matrimonia
475 2192 554 2250 servi
572 2196 615 2250 ·et
637 2192 868 2256 ancillae‘inter
889 2209 923 2254 se
952 2195 1022 2253 suot
1049 2190 1167 2269 ualida,
1201 2191 1309 2254 saltem

235 2295 283 2352 ¹si
319 2295 387 2352 suat
418 2291 580 2369 christiani,
616 2299 707 2358 etiam
742 2300 843 2358 invitis
867 2293 1005 2356 dominis.
1042 2292 1177 2370 -,‚Saue‚
1210 2298 1309 2374 inquit

257 2391 425 2454 Hadrianus
447 2393 524 2474 Papa
546 2413 625 2458 auno
649 2392 720 2461 790.
741 2398 827 2478 juxta
850 2397 974 2458 verbum
997 2394 1152 2474 Apostoli,
1176 2401 1254 2458 sicut
1276 2403 1310 2460 iu

260 2494 377 2561 Christo
394 2497 476 2574 Jcsu,
500 2516 599 2578 neque
622 2499 706 2575 liber,
732 2503 829 2579 neque
857 2519 962 2565 seruus
992 2507 1038 2562 est
1069 2520 1085 2562 a
1108 2498 1309 2563 sacramentis

257 2597 409 2660 Ecclesiae
431 2601 647 2676 removendus;
669 2605 711 2665 ita
734 2620 790 2662 nee
811 2607 891 2664 inter
913 2621 1018 2666 servos
1038 2605 1224 2664 matrimonia
1248 2603 1308 2666 de-

256 2701 328 2762 bant
349 2701 498 2765 ullatenus
520 2703 685 2781 probiberi3
715 2711 745 2764 et
773 2709 798 2766 si
828 2704 1099 2769 contradicentibus
1122 2703 1253 2767 dominis
1276 2711 1307 2768 et

257 2807 358 2866 invitis
379 2808 530 2874 ceiitracta
554 2805 680 2883 luerint,
711 2808 914 2878 uallaratiouc
932 2813 1001 2872 suut
1021 2815 1142 2887 propter
1161 2808 1219 2872 boc
1239 2805 1306 2872 dis-

201 2942 206 2968 ι
257 2904 410 2966 solvenda.
455 2907 561 2969 Debita
589 2914 688 2972 tamen
719 2919 749 2972 et
784 2917 932 2981 consueta,
958 2915 1079 2974 servitia
1106 2905 1305 2979 aon-minus

256 3005 364 3068 debent
387 3014 513 3089 propriis
536 3011 664 3076 dominis
685 3011 882 3088 exbiberi“.²)
905 3012 1044 3074 -Hiac
1067 3017 1200 3094 graviter
1222 3032 1301 3093 pec-

257 3119 324 3172 cant
347 3112 456 3172 dorium·
480 3121 583 3176 contra
601 3117 764 3194 justitiam,
793 3119 819 3178 si
849 3133 953 3178 servos
984 3134 1054 3180 suos
1086 3121 1137 3178 aut
1165 3119 1300 3196 positive

253 3213 453 3292 impediente
476 3221 673 3296 matrimonio,
705 3223 777 3294 aut,
799 3225 955 3299 postquam
977 3217 1034 3280 hoc
1078 3225 1305 3298 contraxerunt,

169 3387 375 3400 β--ῇ-ι

196 3473 219 3540 ¹)
239 3470 311 3525 Gonl.
330 3471 387 3524 Cas.
405 3471 471 3525 Vlll.
496 3471 554 3522 titis
573 3471 708 3540 pendentia
719 3487 795 3540 super
810 3463 968 3532 matrimonio
982 3488 1032 3523 nou
1043 3473 1148 3540 impedit
1164 3475 1305 3525 secundum

236 3561 421 3610 matrimonium
440 3557 561 3620 contrahi,
580 3561 601 3607 ai
619 3561 728 3624 primum
747 3567 802 3610 erat
820 3556 942 3612 nuitrrm.“
960 3559 1014 3623 (lib.
1032 3561 1056 3611 4.
1076 3562 1116 3610 rie
1134 3560 1155 3610 l.
1175 3576 1198 3610 e.
1211 3560 1303 3625 tax.)

198 3647 221 3712 ²)
240 3643 301 3712 Cap.
322 3645 348 3696 1.
363 3645 395 3694 da
413 3645 531 3712 conjugio
555 3657 692 3698 servorum.
717 3673 751 3684 -
774 3645 991 3714 Εᾳιιίἀεηῌεςοε
1013 3646 1100 3700 civiles
1117 3645 1251 3708 simun,
1279 3649 1305 3696 ia

119 3775 125 3786 ,
236 3731 325 3800 quibua
345 3734 452 3780 servitus
472 3732 548 3798 viget,
565 3737 664 3792 vetant,
687 3747 720 3785 ne
747 3734 815 3782 nervi
841 3729 1000 3800 mmpimouia
1025 3731 1119 3800 absque
1143 3731 1304 3785 dominorum

236 3821 310 3868 venia
329 3819 429 3876 ineant,
460 3813 580 3882 gravibus
604 3815 751 3884 plerumque
776 3819 863 3882 poenis
882 3819 1008 3867 intentatis
1027 3819 1071 3878 iis,
1099 3819 1141 3886 qui
1166 3833 1209 3867 ecs
1237 3818 1300 3868 alias

236 3902 394 3970 conjungere·
408 3899 544 3963 auderent;
563 3909 716 3968 quapropter
735 3903 882 3962 curandum,
910 3911 936 3952 ut
954 3919 1091 3954 consensus
1110 3902 1152 3952 ille
1170 3902 1303 3954 habeatur.

217 3986 331 4052 'Quodsi
349 3987 441 4053 injuste
459 3985 606 4054 denegatus,
624 3989 651 4037 et
667 4001 709 4038 res
727 3996 824 4057 uigeat,
842 3991 935 4056 poterit
947 3987 1090 4059 incltdgmb
1106 3997 1134 4040 ut
1148 3992 1218 4043 servi
1238 3991 1304 4041 inter
