2758 4664
420 247 458 304 [ie
476 243 565 304 Ouur'm
584 247 819 304 matrimonialibus.
1123 227 1187 300 223

81 408 115 485 1)
137 409 267 472 Litterae
297 407 446 488 supplices
476 407 648 472 immediate
675 407 713 472 ad
738 426 887 473 summum
910 407 1083 472 Pontificem
1111 407 1189 470 diri-

137 517 254 596 gantur.

79 615 119 702 2)
138 615 339 697 Exprimenda
356 621 423 678 sunt
439 619 559 678 nemina
576 621 606 678 et
622 621 801 701 cognomine
817 621 986 692 oraiomm3
1008 620 1081 678 item
1100 613 1189 678 dioe-

137 724 231 798 cesis,
254 727 285 782 et
308 719 428 802 quidem
451 723 622 801 utriusque,
647 724 672 782 st
695 724 755 782 sint
777 739 817 782 ox
839 719 965 782 diversis
988 718 1187 794 dioecesibus,

138 829 169 884 et
190 824 275 886 locus
296 823 500 898 habitationis,
526 827 715 903 praesertim,
740 827 767 886 si
789 823 827 886 ob
850 827 1020 906 angustiam
1042 822 1100 885 loci
1122 818 1189 884 dis-

139 931 275 1006 pensatio
298 925 459 1008 potatur¹).

79 1026 118 1103 3)
141 1028 274 1110 Exprimi
304 1029 394 1092 debet
424 1047 522 1113 genus
555 1034 586 1090 et
611 1034 729 1110 species
751 1030 976 1111 impedimenti,
1008 1045 1100 1108 super
1127 1045 1187 1109 quo

138 1131 320 1212 dispensatio
349 1137 474 1214 petitum
504 1132 623 1213 quando
645 1133 890 1214 impedimentum
917 1153 957 1196 ex
985 1133 1092 1214 copula
1114 1149 1189 1212 pro-

122 1221 238 1314 uenit,
257 1237 344 1316 Juxta
366 1236 476 1317 stylum
500 1235 607 1300 Curiae
629 1237 875 1316 impedimentum
898 1243 967 1300 ante
989 1253 1125 1314 cumam,
1155 1238 1188 1296 in

138 1338 262 1420 reliquis
285 1343 428 1400 motivum
450 1343 521 1402 aute
542 1339 789 1420 impedimentum
812 1339 968 1403 referatur.

79 1437 118 1516 i)
141 1441 171 1505 Si
188 1448 323 1504 oratores
340 1441 473 1521 pluribus
488 1442 708 1522 impedimentis
725 1447 786 1505 sint
802 1447 921 1522 irretiti,
945 1442 1073 1528 singula,
1098 1445 1188 1503 etiam

139 1544 273 1622 occulta,
305 1561 380 1624 quae
402 1549 469 1607 sine
497 1545 619 1608 miamin
648 1551 758 1626 exponi
786 1553 925 1627 possunt,
957 1551 988 1608 et
1017 1563 1079 1608 non
1101 1543 1190 1608 modo

139 1646 320 1724 dirimentis,
343 1648 395 1712 sed
415 1653 504 1712 etiam
519 1648 726 1730 impedientia,
742 1655 899 1731 perspicue
917 1653 1043 1730 proponi
1062 1648 1190 1724 debent3

138 1756 227 1814 etiam
249 1751 291 1827 id,
313 1755 345 1812 in
368 1771 427 1834 quo
445 1751 610 1834 Episcopus
633 1752 793 1834 dispensat,
820 1757 877 1816 nisi
899 1752 937 1815 ab
952 1752 1102 1834 Episcopo
1125 1752 1191 1815 dis·

140 1861 296 1934 pensatum
320 1855 420 1934 luerit,
443 1862 603 1936 antequam
627 1856 744 1932 litterae
767 1856 892 1922 Romam
914 1853 1119 1933 mittantur2).

80 1957 119 2035 5)
143 1956 237 2020 Causa
258 1975 331 2020 vera
354 1962 385 2020 ct
406 1958 541 2042 legitima
563 1959 692 2022 dilucide
714 1960 893 2041 exponenda
914 1967 975 2039 est,
1000 1967 1099 2041 neque
1120 1957 1191 2021 alli-

140 2061 240 2144 gando
263 2063 369 2124 laisum
391 2079 492 2142 neque
515 2062 670 2126 reticendo
692 2081 808 2126 verum.

78 2160 116 2240 6)
139 2163 301 2246 Praecipua
323 2165 362 2228 ad
391 2165 534 2245 copulam·
550 2169 629 2228 inter
651 2173 787 2232 oratores
808 2166 937 2232 habitam
966 2170 1043 2230 ratio
1065 2173 1112 2230 est
1133 2165 1191 2230 lra-

138 2267 235 2330 benda
253 2269 341 2350 juxta
364 2287 453 2350 supra
476 2268 564 2332 diota.

136 2371 173 2436 ll.
217 2372 273 2435 Ulti
303 2371 486 2454 dispensatio
516 2376 547 2434 in
578 2377 783 2438 matrimoniis
812 2375 850 2436 dc
870 2371 956 2452 fecto
976 2371 1046 2450 jorn
1070 2371 1191 2450 junctis

47 2497 75 2540 a.
100 2474 131 2540 S.
154 2474 327 2557 Apostolica
353 2476 546 2556 implumiur,
579 2483 699 2558 pmeter
726 2477 989 2559 impedimentum,
1020 2495 1080 2560 quo
1103 2477 1191 2542 labo-

46 2585 127 2657 rant,
151 2583 274 2660 insuper
296 2577 466 2642 addendum
489 2585 563 2643 erite

80 2683 118 2759 1)
141 2681 247 2744 Utrum
270 2687 372 2746 orator
393 2687 521 2763 uterque
544 2683 593 2746 vel
615 2683 691 2747 alter
711 2683 919 2748 tantummodo
940 2683 1018 2749 bonu
1040 2682 1098 2746 fide
1121 2701 1191 2747 ma·

136 2788 308 2848 trimonium
331 2790 531 2865 contraxerit,
554 2803 660 2852 necne.

77 2889 116 2967 2)
139 2885 218 2950 Num
235 2893 362 2968 uterque
376 2890 425 2952 vel
441 2890 518 2952 alter
532 2909 569 2954 eo
589 2891 717 2955 consilio
736 2895 961 2955 matrimonium
974 2893 1187 2970 contraxerint,

134 2981 169 3053 ul
191 2990 309 3054 facilius
332 2992 535 3075 dispensetur,
559 3013 669 3058 annon.

77 3094 116 3174 3)
138 3093 218 3160 Num
247 3100 467 3160 matrimonium
498 3098 699 3179 clandestine,
736 3103 767 3160 et
795 3103 861 3164 sino
891 3097 1185 3179 proclamationibus,

135 3197 249 3280 alisque
277 3199 497 3280 dispensatione
520 3199 672 3283 Episcopi,
704 3202 887 3266 celebratum
915 3201 1023 3278 iuerii;
1051 3199 1121 3264 dein
1150 3216 1188 3262 an

134 3307 373 3366 consummatum
397 3308 436 3366 sit
457 3323 564 3367 necne.

76 3400 113 3484 4)
135 3404 214 3468 Num
236 3405 291 3484 illi,
314 3411 366 3487 qui
388 3406 465 3472 bona
487 3408 547 3472 fide
570 3413 795 3488 contraxerunt,
818 3409 855 3472 ab
878 3407 1013 3490 ejusdem
1035 3425 1092 3470 usu
1114 3405 1187 3470 abs-

133 3512 289 3588 tinuerint,
314 3509 437 3594 cognito
458 3511 683 3592 impedimento

132 3611 184 3676 lll.
228 3612 260 3678 Si
281 3611 464 3694 dispensatio
488 3620 599 3696 petitur
615 3615 652 3678 de
673 3616 889 3698 impedimento
902 3557 1185 3706 consanguinitatis,

45 3787 254 3802 „w

74 3901 97 3966 ¹)
115 3893 221 3950 Corrad.
241 3910 311 3963 pras„
330 3893 394 3964 disp.
412 3895 456 3948 lib.
475 3897 539 3962 ⁷·,⁰·
559 3897 664 3952 tinet.
682 3897 748 3954 Part
767 3896 841 3968 Eyrt⁸¹
860 3870 884 3968 p,
903 3897 962 3951 ³18.

75 3985 98 4053 ²)
118 3981 241 4038 Sanchec.
259 3979 305 4036 lib.
324 3980 349 4034 Β.
367 3980 431 4050 disp.
451 3983 492 4036 2³.
510 3999 535 4035 n.
554 3985 578 4036 2.
