2746 4646
334 184 371 240 lle
388 185 573 254 impedimentis
590 186 778 240 matrimonium
797 183 981 242 dirimentibus.
1168 171 1237 242 117*

89 338 134 412 4).
157 341 380 406 Matrimonium
410 360 471 408 uon
497 341 673 406 dissolvitur
695 360 733 404 eo
755 347 840 423 ipso,
869 359 929 423 quo
958 361 1018 405 una
1047 341 1229 423 persidem

89 442 137 504 vel
157 443 336 524 baptismum
358 450 499 525 suscipit,
527 464 583 508 nec
604 445 791 524 interpellato
814 447 944 528 conjuge
966 445 1098 524 infideli,
1130 465 1229 529 eoque

87 551 139 608 aut
157 565 301 627 oppresse
329 549 478 612 abnuente
506 551 642 632 legitime
665 547 835 612 cohabitare
857 567 926 612 cum
948 549 1047 630 fideli,
1077 555 1129 613 aut
1149 556 1229 614 iutra

87 654 249 712 terminum
281 651 337 714 sihi
367 656 400 729 in
428 652 670 736 interpellatione
702 653 884 732 praefixum,
916 652 988 716 nihil
1018 654 1228 734 respondente,

85 752 141 814 sed
166 759 236 816 tunc
259 755 372 833 solum,
395 755 513 836 quando
536 757 648 836 conjux
670 774 836 820 conversus
859 755 941 818 aliud
963 757 1139 838 conjugium
1162 761 1231 834 inil3

85 855 165 918 unde
199 855 346 933 infidelis,
378 863 429 938 qui
459 865 526 938 post
548 859 783 922 'conversionem
815 859 939 922 alterius
971 859 1110 944 conjugis
1140 861 1228 924 ullam

27 988 44 1006 ν
84 958 223 1022 eluxisset
246 979 386 1038 uxorem,
418 966 443 1022 si
467 969 572 1041 postea
599 964 778 1043 baptismum
802 968 934 1044 peteret,
967 969 1034 1042 post
1061 962 1134 1026 illud
1157 981 1229 1026 sus·

83 1067 206 1142 ceptum
238 1069 391 1126 teneretur
418 1065 518 1128 redire
552 1065 590 1128 ad
618 1071 763 1146 primam,
791 1068 855 1148 jam
887 1065 1002 1146 pridem
1031 1063 1228 1128 Christianam

83 1163 211 1239 iactam,
243 1172 275 1229 ct
303 1165 398 1230 adhuc
425 1175 669 1248 perseverantem
695 1168 895 1249 innuptam¹).
940 1169 987 1243 5).
1011 1167 1136 1242 Quando
1159 1187 1228 1249 pars

81 1266 214 1330 inhdehs
238 1269 302 1332 vult
323 1268 447 1350 pacifice
469 1271 639 1334 cohabitare
663 1275 808 1352 comperti
827 1271 916 1350 tideh,
941 1277 1012 1335 tunc
1035 1271 1228 1336 nonvidetur

82 1375 306 1434 matrimonium
320 1372 555 1454 possedissolvi,
578 1375 683 1440 saltem
707 1393 768 1440 non
790 1379 855 1438 sine
869 1374 1093 1456 dispensatione
1115 1377 1225 1438 summi

152 1647 299 1701 afferuntur.
335 1647 387 1700 Nec
405 1634 488 1700 Sedes
505 1648 649 1716 Apostolica
673 1649 802 1700 dilficilem
824 1665 853 1700 se
877 1647 980 1716 praehet
1003 1664 1058 1700 cam
1085 1645 1227 1712 petentibus

149 1733 373 1802 dispensationem,
403 1749 477 1803 quam
503 1751 596 1804 urgens
621 1749 696 1786 causa
727 1735 816 1786 suadet
838 1733 1041 1798 eoncedendum3
1059 1735 1151 1786 etenim
1169 1772 1176 1785 .
1195 1769 1226 1784 ..

149 1819 289 1889 Gregorius
307 1821 374 1872 Xlll.
393 1819 504 1872 locorum
524 1819 678 1884 Ordinariis,
696 1819 817 1872 Paroehis
841 1829 866 1872 et
888 1821 1043 1888 Presbyteris
1062 1821 1226 1872 missionariis

151 1905 178 1956 S.
197 1907 216 1959 l.
235 1911 261 1958 in
279 1907 391 1976 singola,
411 1905 557 1973 Aethiopia,
582 1917 608 1958 et
624 1906 733 1960 Brasiliu
752 1905 902 1976 degentibus
921 1914 1071 1974 potestatem
1094 1905 1154 1956 lecit
1171 1905 1226 1956 dis-

151 1994 274 2059 pensandi
300 2009 356 2044 cum
375 1991 487 2061 quolibet
509 1993 632 2061 conjuge,
656 1995 699 2062 qui
719 1991 878 2046 Christianae
899 1991 1014 2061 religioni
1032 2006 1124 2042 nomen
1144 1989 1226 2054 dedit,

152 2088 180 2130 ut
200 2097 292 2131 riorum
311 2082 388 2144 possit
406 2080 592 2129 matrimonium
612 2081 693 2144 inire,
711 2081 803 2130 omissa
821 2079 1022 2146 interpellatione
1041 2077 1144 2130 alterius
1162 2094 1225 2130 con-

148 2165 219 2234 jugis
237 2167 358 2228 infidelis,
377 2182 452 2234 quem
471 2173 569 2216 constat
586 2165 697 2234 legitime
714 2163 870 2231 interpellari
890 2179 939 2214 nou
958 2179 1046 2232 posse,
1070 2172 1096 2214 et
1113 2180 1159 2215 nos
1178 2165 1228 2232 ipsi

122 2271 127 2278 ·
156 2251 188 2302 ad
207 2249 272 2302 Petri
299 2249 450 2303 Cathedram
479 2253 574 2315 evecti,
603 2251 746 2302 facultatem
770 2253 940 2302 concessimus
962 2250 1107 2318 Apostolioo
1126 2249 1229 2315 Nuntio,

154 2337 265 2388 Venetiis
283 2339 454 2396 commoranti,
475 2344 502 2388 ut
520 2341 545 2388 iu
563 2337 639 2388 simili
657 2353 742 2388 rerum
760 2348 853 2390 eventu
867 2342 946 2406 possit
965 2337 996 2388 ab
1015 2335 1129 2401 ejusdem
1147 2337 1227 2387 inter·

154 2423 298 2490 pellaiionis
324 2439 401 2476 onere
426 2422 541 2474 relevare
566 2421 689 2492 conjuges
708 2441 864 2488 conuersos,
890 2425 1026 2476 existentes
1053 2426 1078 2474 iu
1105 2423 1163 2474 loco
1183 2425 1226 2490 pio

153 2509 396 2562 Gateehumenorum
415 2509 529 2572 ejusdem
547 2511 654 2562 civitatis
674 2509 863 2562 venetiarum.“
900 2507 972 2562 Coui.
991 2507 1157 2560 maiixiii.

108 2597 131 2661 ¹)
152 2594 226 2646 coni.
246 2593 463 2646 Cas.Xlll.XXll.
482 2597 541 2656 „An
560 2597 585 2644 iu
605 2595 652 2645 hoc
670 2611 732 2646 casu
751 2597 936 2646 matrimonium
955 2597 981 2646 in
999 2593 1144 2644 infidelitate
1162 2609 1224 2644 con·

152 2689 258 2732 tractum
278 2681 428 2733 dissolvatur
437 2697 482 2748 per
492 2681 674 2748 professionem
693 2683 718 2731 in
736 2681 859 2750 religione
877 2684 1003 2745 emissam,
1015 2683 1226 2746 controvertitur;

152 2769 211 2819 licet
238 2771 304 2818 enirn
330 2767 443 2818 nonnulli
470 2767 563 2829 velint,
591 2769 780 2818 matrimonium
807 2770 834 2818 iu
853 2767 1226 2819 infidelitate'cousummatum

152 2854 216 2906 solvi
236 2869 280 2920 per
302 2853 445 2921 religiosam
470 2853 669 2919 professionem,
697 2869 728 2904 ex
746 2868 796 2923 quo
814 2857 836 2904 ai
866 2853 992 2906 Prolesrio
1017 2853 1133 2922 religiosa
1151 2851 1226 2903 noluit

154 2941 341 2992 matrimonium
359 2947 440 2988 ratum
459 2941 524 2990 inter
541 2938 646 3001 fideles,
672 2939 847 3007 multomagis
870 2939 969 2990 solvere
996 2937 1072 2990 debet
1094 2938 1225 2988 matrimo-

152 3029 221 3078 nium
241 3032 441 3074 eonsummalum
460 3027 525 3076 inter
542 3024 673 3087 infideles,
699 3041 755 3076 eum
773 3025 903 3078 vinculum
922 3027 1071 3076 matrimonii
1097 3024 1143 3074 rati
1161 3025 1227 3076 inter

152 3111 240 3162 fideles
258 3113 289 3160 sit
307 3112 395 3160 lortius
407 3113 564 3162 matrimonio
575 3119 748 3161 consummato
766 3109 912 3162 infidelium.
940 3109 1053 3162 Sanchee
1071 3109 1087 3162 l.
1104 3113 1128 3160 7.
1147 3107 1227 3161 dae.

151 3215 176 3250 u.
196 3198 219 3248 8.
238 3195 355 3246 Clericat.
380 3195 435 3246 dec.
457 3197 496 3247 12.
516 3213 540 3247 u.
560 3199 583 3248 7.
601 3195 757 3248 Salmonae.
785 3205 843 3248 tom.
867 3197 892 3248 2.
916 3203 987 3249 tract.
1010 3197 1034 3248 9.
1061 3193 1094 3246 de
1117 3197 1223 3247 matrim.

151 3299 174 3334 c.
192 3283 217 3332 l.
236 3281 295 3332 dub.
314 3283 338 3332 2.
357 3289 441 3348 punct.
461 3283 486 3334 2.
505 3298 529 3333 u.
548 3283 588 3335 52.
607 3311 641 3320 -
659 3281 716 3354 Atii
734 3291 820 3332 tamen
843 3297 895 3333 non
921 3281 1011 3334 desunt
1036 3281 1139 3333 tirmiter
1165 3297 1225 3332 sus-

152 3373 275 3430 tinentes,
299 3365 366 3436 quod
389 3369 576 3418 matrimonium
601 3370 626 3420 in
650 3367 797 3418 infidelitate
824 3377 1024 3420 consummatum
1051 3383 1102 3418 non
1120 3365 1226 3420 solvitur
1338 3403 1341 3410 ·

151 3471 197 3520 per
224 3453 365 3522 religiosam
391 3452 587 3518 professionem,
612 3463 670 3506 tuna
683 3457 741 3523 quia
764 3469 815 3506 uon
833 3455 944 3508 subsistit
967 3455 1132 3522 principium,
1156 3453 1224 3522 quod

41 3577 44 3584 .
150 3540 282 3591 vinculum
307 3541 458 3590 matrimonii
484 3541 548 3590 inter
571 3539 658 3590 fideles
683 3543 715 3591 sit
738 3540 842 3604 lortius,
865 3541 968 3593 vinculo
991 3541 1140 3592 matrimonii
1159 3553 1223 3590 cou-

150 3628 267 3676 summati
285 3627 349 3676 iuter
366 3623 490 3687 infideles,
508 3633 560 3674 tum
579 3628 638 3693 quia
654 3633 765 3694 potestas
782 3626 935 3678 dissolvendi
954 3627 1141 3677 matrimonium
1160 3641 1224 3676 cou-

150 3719 301 3776 summatum
321 3713 385 3770 iuter
397 3711 511 3763 infideles
522 3715 656 3778 provenire
670 3701 771 3762 debet‘a
790 3709 878 3764 diviua
896 3713 1069 3773 concessione,
1087 3727 1135 3762 nec
1153 3706 1225 3770 ullibi

149 3813 300 3848 concessum
319 3799 462 3859 iuvenitur,
486 3797 553 3868 quod
572 3798 728 3864 prolessioue
751 3797 866 3867 religiosa
889 3799 1019 3852 dirimatur
1036 3797 1222 3848 matrimonium

149 3891 352 3935 consummatum
371 3883 517 3935 infidelium.
551 3885 632 3936 Perea
650 3883 682 3934 da
704 3891 775 3936 matr.
793 3885 856 3954 disp.
871 3886 912 3938 36.
931 3902 951 3936 s.
969 3886 1081 3953 thunre.
1099 3883 1123 3934 ³.
1142 3881 1223 3934 Diana

151 3978 211 4022 tom.
235 3970 256 4020 l.
274 3977 305 4021 tr.
324 3971 350 4022 6.
367 3969 469 4022 resolui.
491 3971 548 4025 125.
586 3971 625 4024 lix
649 3970 758 4026 thesaur.
781 3971 884 4030 resolui
903 3971 928 4030 S.
948 3969 975 4024 G.
994 3970 1014 4032 l.¹
1028 3970 1088 4037 test.
1105 3984 1164 4042 ,pag-
1180 3967 1224 4028 ³2·
