2742 4660
160 193 201 262 56
423 209 461 263 lle
479 211 662 277 impedimentis
679 209 875 278 impedientibus
892 211 918 262 iu
935 210 1028 278 speeie.

197 385 205 394 ·
245 372 392 430 incestum
410 373 483 443 etc.;
506 366 540 443 d)
557 365 696 430 defuncta
714 367 807 430 altera
823 372 908 447 parte
923 368 960 429 ad
980 365 1059 429 aliud
1075 371 1295 430 matrimonium

248 475 375 532 transire
407 459 527 550 ne'quit,
561 473 650 531 etiam
681 475 711 532 in
743 487 831 548 casu,
865 488 924 550 quo
957 470 1209 550 dispensationem
1242 489 1294 550 pro

245 577 346 652 priore
376 575 566 634 matrimonio
592 576 800 653 impetrasset,
832 578 900 653 quia
924 572 1109 652 dispensatio
1134 577 1298 656 restringi-

246 679 294 737 tur
316 675 353 737 ad
376 693 463 737 usum
482 676 545 756 Jam
568 679 712 736 contracti
736 679 932 753 matrimonii,
962 678 1019 736 nisi
1043 675 1297 755 dispensationem

245 783 383 853 (novam)
405 781 585 858 impetravit.

188 881 223 958 2)
247 880 303 953 Oui
326 885 465 942 astrictus
481 886 551 944 voto
574 880 764 964 ingrediendi
780 881 957 964 religionem
980 885 1138 959 contraxit,
1163 886 1297 965 graviter

157 1057 159 1060 g
245 987 381 1062 peccavit
402 981 615 1060 contrahendo,
639 988 709 1063 quia
731 983 855 1048 violavit
877 983 1025 1045 ccclesiae
1047 983 1296 1063 prohibitioncm3

247 1091 278 1144 et
299 1089 406 1148 iterum
430 1089 563 1169 graviter
586 1092 690 1164 peccat
712 1090 804 1165 prima
821 1091 888 1148 vice
911 1091 1129 1148 matrimonium
1153 1105 1299 1149 consum-

247 1188 372 1267 mando,
400 1192 465 1250 sive
488 1187 640 1250 reddendo
663 1192 728 1250 sive
754 1189 882 1269 petendo
905 1189 1055 1268 debitum,
1082 1194 1168 1269 quia,
1199 1191 1298 1252 donec

245 1295 466 1353 matrimonium
490 1299 723 1369 consummetur,
746 1297 886 1355 executio
902 1297 963 1354 voti
979 1293 1129 1371 possibilis
1145 1298 1195 1371 sit,
1221 1311 1299 1355 eon-

246 1393 424 1456 summando
456 1400 555 1456 autem
591 1394 711 1456 demum
743 1395 936 1475 impossibilis
970 1396 1029 1458 ilat.
1084 1394 1298 1458 consummato

246 1501 346 1557 tamen
361 1500 549 1559 matrimonio
567 1497 680 1578 absque
697 1497 920 1578 dispensatione
936 1515 1008 1559 usus
1027 1499 1299 1561 matrimoniilici-

246 1604 295 1660 tus
318 1605 373 1676 est,
398 1603 467 1679 quia
490 1617 551 1662 non
569 1617 652 1678 usus,
676 1600 730 1662 sed
754 1605 851 1681 potius
873 1603 1004 1680 ligamen
1024 1603 1206 1661 matrimonii
1229 1600 1299 1662 lruic

246 1705 317 1763 voto
340 1700 453 1763 directe
481 1702 670 1777 adversatur3
698 1703 838 1765 defuncta
868 1709 966 1765 autern
997 1702 1090 1765 altera
1121 1709 1205 1782 parte
1226 1709 1300 1764 voto

247 1803 402 1886 religionis
424 1803 597 1866 satisfacere
619 1811 746 1868 tenetur.

189 1903 224 1983 3)
249 1905 323 1965 ltem
346 1905 506 1968 dicendum
524 1913 570 1968 cst
587 1909 672 1988 Juxta
695 1909 795 1988 plures
818 1908 856 1970 de
871 1915 942 1971 voto
965 1908 1085 1972 ordines
1103 1910 1300 1989 suscipiendi,

242 2009 328 2088 juxta
351 2009 426 2071 alios
449 2013 548 2070 autem
568 2011 678 2094 ligatos
701 2011 757 2073 hoo
776 2017 848 2073 voto
871 2018 938 2092 post
960 2015 1182 2073 matrimonium
1203 2013 1300 2072 semel

247 2116 431 2172 contractum
461 2129 521 2173 non
550 2117 670 2175 tenetur
699 2133 715 2175 a
746 2118 925 2177 matrimonii
954 2118 1213 2176 consummatione
1240 2115 1299 2174 ab·

247 2218 370 2294 stinere,
393 2219 461 2294 quia
476 2217 539 2296 Jam
557 2216 689 2299 ligamen
706 2219 885 2278 matrimonii
901 2219 967 2278 ruti
981 2220 1189 2278 executionem
1210 2216 1300 2297 hujus

245 2320 307 2378 voti
330 2319 543 2397 impossibilem
566 2319 663 2380 reddit
685 2337 784 2400 nequo
807 2319 933 2401 obligari
952 2325 1060 2400 potest,
1084 2326 1116 2381 ut
1137 2319 1299 2402 ingredia-

247 2424 295 2481 tur
316 2419 450 2482 ordinem
473 2422 647 2504 religiosum
671 2422 707 2482 ad
730 2421 788 2483 lroc
808 2421 938 2504 ligamen
963 2420 1232 2497 dissolvendum.¹)

187 2519 223 2598 4)
246 2522 354 2586 Votum
376 2541 435 2584 non
453 2524 583 2585 nubendi
600 2526 730 2587 violatur
749 2525 862 2586 directe
880 2528 1048 2604 peripsum
1072 2530 1297 2587 matrimonium

246 2633 500 2701 consummatum
531 2645 567 2690 eo
595 2633 694 2688 tamen
723 2628 817 2690 semel
850 2632 1020 2705 contracto,
1053 2633 1083 2688 et
1109 2628 1147 2688 de
1178 2628 1298 2691 lortiori

245 2736 452 2792 consummato
479 2737 539 2791 tum
563 2731 708 2805 reddere,
736 2736 797 2792 tum
822 2734 925 2809 petere
947 2735 1046 2807 potest
1073 2730 1207 2792 debitum
1231 2737 1297 2793 sine

246 2830 482 2908 dispensatione;
511 2841 629 2896 mortuo
656 2840 756 2896 autem
786 2833 881 2893 altero
911 2833 1040 2914 conjuge
1069 2833 1145 2894 aliae
1172 2839 1297 2914 nuptiae

245 2931 439 3012 prohibentur
461 2939 590 3000 voventi.
601 2935 627 3012 ¹)

244 3033 292 3098 lV.
318 3034 442 3107 Quando
464 3042 567 3100 votum
591 3040 719 3120 simplex
741 3042 930 3101 matrimonio
955 3039 1017 3119 jam
1045 3042 1120 3101 inito
1150 3043 1295 3102 emissum

158 3135 266 3214 luerit,
290 3137 463 3219 dicendum,
487 3145 518 3216 a)
541 3143 621 3221 quod
640 3148 742 3204 votum
766 3147 928 3222 perpetuae
950 3147 1104 3222 castitatis,
1127 3143 1214 3223 cujus
1237 3145 1297 3206 ob-

153 3239 266 3318 jectum
290 3241 393 3301 saltem
413 3243 601 3324 aliquatenus
618 3245 806 3324 competibile
827 3250 873 3306 est
889 3263 955 3306 cum
979 3246 1163 3329 obligatione
1186 3253 1297 3308 matri-

157 3344 264 3420 monii,
297 3347 343 3403 est
371 3345 518 3421 validum,
549 3365 585 3409 ae
614 3347 739 3426 proinde
769 3351 864 3426 privat
886 3353 1046 3410 voventem
1072 3349 1142 3429 jure
1172 3352 1296 3429 petendi

156 3442 299 3523 debitum,
322 3450 355 3506 ut
376 3465 479 3527 supra3
503 3449 535 3525 b)
559 3449 640 3530 quod
655 3454 758 3510 votum
782 3449 938 3533 religionis
961 3455 1032 3512 ante
1054 3458 1297 3516 consummatio-

156 3563 225 3606 nem
250 3551 428 3610 matrimonii
453 3550 582 3634 obligat,
606 3557 639 3613 ut
661 3569 767 3631 supra,
791 3558 859 3631 post
881 3558 1170 3616 consummationem
1193 3563 1295 3618 autem

187 3729 208 3798 ¹)
227 3730 435 3800 Schmalzgruber
459 3741 484 3784 et
501 3733 558 3799 alii;
582 3734 614 3786 de
632 3735 795 3788 dissolutione
814 3737 938 3806 ligaminis
962 3754 1008 3806 per
1025 3738 1207 3806 professionem
1232 3743 1295 3792 reli-

224 3819 319 3885 g'osam
338 3818 396 3870 vide
413 3818 477 3870 inira
495 3823 519 3884 5.
539 3819 570 3871 da
587 3821 766 3888 impedimento
785 3819 917 3891 ligaminis

185 3903 207 3967 ²)
226 3901 267 3952 Sic
279 3902 352 3954 lustr.
366 3911 429 3971 pust.
440 3903 520 3970 Eyst.,
538 3907 580 3956 cui
599 3909 749 3958 assentimur
764 3917 851 3960 contra
865 3910 944 3977 (lurp,
963 3911 1005 3978 qui
1024 3909 1091 3975 dicit,
1109 3917 1210 3965 mortuo
1228 3928 1295 3966 eon·

221 3986 283 4057 juga
300 3998 435 4041 voventem
453 4006 547 4042 novum
565 3995 750 4045 matrimonium
770 3995 918 4047 contrahere
936 4011 1020 4066 posse.
