2758 4664
315 229 353 282 De
370 229 558 299 impedimentis
577 231 762 286 matrimonium
786 227 969 284 dirimentibus.
1145 213 1204 279 175

705 319 712 347 ι

65 387 172 448 eadern
202 391 320 450 ratione
350 393 573 452 matrimonium
597 389 842 467 esseminant,
873 392 898 450 si
921 389 1033 450 assistit
1061 386 1208 467 parochus

65 496 204 570 proprius
227 490 365 566 alterius,
392 491 486 554 altero
510 490 639 572 parocho
663 497 783 572 penitus
806 491 999 554 contrahendi
1023 494 1205 555 matrimonii

64 599 179 668 inscio;
203 594 377 674 plerumque
400 600 500 658 tannen
523 597 628 657 illicite
649 593 706 656 hoc
728 593 824 661 lieret.

157 695 192 756 V.
224 697 317 760 Sicuti
340 718 358 760 a
380 703 491 760 ceteris
518 697 741 778 impedimentis
770 697 993 776 dirimentibus,
1020 703 1062 762 ita
1091 698 1129 760 ab
1150 696 1208 764 boc

66 818 123 861 nec
145 805 316 883 ignorantia
340 819 396 863 nec
418 807 594 884 impotentia
617 802 690 864 illud
714 801 892 864 observandi
919 808 1043 864 excusat
1064 806 1097 864 in
1120 802 1205 880 loeis,

65 904 115 964 ubi
140 908 238 988 viget3
269 909 376 984 excipe
400 913 515 982 10111011,
548 913 572 968 si
596 910 772 986 impotentia
796 911 834 966 sit
856 908 1025 968 communis
1055 910 1086 966 in
1108 904 1206 986 aliqua

65 1012 231 1085 provincia,
255 1027 282 1069 v.
295 1028 325 1090 g.
342 1008 468 1071 durante
491 1012 715 1090 perturbatione
740 1010 838 1090 aliqua
862 1009 981 1088 politica
1004 1014 1035 1070 et
1052 1008 1204 1092 religiosa,

64 1109 116 1170 nbi
141 1109 287 1190 parochus
307 1111 355 1172 vel
378 1112 454 1175 alius
476 1114 617 1176 sacerdos
639 1113 782 1192 supplens
804 1115 887 1172 vices
910 1109 1042 1190 parochi,
1066 1111 1114 1172 vel
1136 1131 1206 1174 orn-

65 1217 138 1276 nino
169 1213 271 1276 haberi
302 1232 362 1276 11011
393 1223 505 1296 potest,
541 1217 587 1278 vel
615 1217 721 1279 saltem
754 1221 834 1276 tutus
862 1213 899 1275 ad
929 1231 998 1274 eum
1030 1230 1090 1280 non
1121 1211 1207 1276 datur

65 1333 216 1378 accessus.
262 1316 348 1379 Ratio
371 1327 433 1397 est,
465 1325 549 1400 quia,
582 1325 606 1382 si
631 1319 681 1379 lex
703 1318 852 1400 obligaret
874 1320 905 1376 in
929 1315 978 1378 tali
1002 1334 1092 1395 casu,
1123 1324 1206 1379 esset

63 1419 145 1480 110110
175 1426 326 1482 communi
353 1427 480 1500 nociva,
510 1429 540 1482 et
568 1428 599 1484 in
629 1422 840 1482 detrimentum
870 1422 1023 1482 societatis
1053 1425 1203 1502 vergeret.

64 1521 188 1584 Constat
212 1523 332 1584 aliunde
355 1543 394 1586 ex
416 1525 618 1588 declaratione
641 1524 669 1587 S.
687 1523 836 1606 congreg.
861 1522 939 1602 apud
955 1521 1107 1585 benedict.
1126 1522 1203 1587 xtv.

63 1625 102 1686 de
127 1626 236 1706 synod.
261 1623 365 1692 D'ioec.
389 1627 439 1690 lib.
471 1627 514 1690 12.
537 1650 565 1689 0.
588 1630 617 1692 ὀ.
643 1646 672 1688 11.
695 1628 723 1689 ὁ.
750 1645 868 1690 necnon
891 1643 930 1688 ex
953 1625 1080 1688 diversis
1099 1626 1140 1688 Pii
1156 1626 1203 1690 Vi.

64 1729 281 1791 decisionibus.
295 1765 331 1774 —
348 1729 411 1792 Hoc
434 1736 534 1792 lamen
557 1749 628 1792 casu
651 1729 784 1792 adhiberi
801 1728 911 1790 debent
934 1728 993 1790 duo
1010 1733 1113 1807 testes,
1137 1731 1206 1810 quta

66 1831 118 1892 lex
141 1833 307 1894 Tridentini
331 1832 484 1894 observari
508 1833 609 1912 debet,
639 1837 814 1913 inquantum
839 1837 952 1913 potest,
976 1837 1007 1891 et
1030 1831 1067 1893 de
1089 1831 1204 1896 fortiori

64 1934 212 1996 sacerdos
236 1936 353 2014 aliquis,
378 1941 427 2014 qui
452 1936 588 2011 fortasse,
617 1941 754 2018 quamvis
777 1954 837 1998 non
860 1941 899 1998 sit
921 1933 1079 2015 parochus,
1102 1933 1205 1998 haberi

63 2043 183 2117 potest,
215 2038 288 2100 alias
319 2043 539 2101 matrimonium
571 2043 660 2102 etiam
689 2040 744 2102 sub
774 2040 822 2102 tali
853 2042 1025 2118 impotentia
1054 2043 1204 2100 communi

63 2148 148 2202 esset
171 2140 382 2216 invalidum¹t
414 2142 447 2204 ln
469 2143 550 2205 1111110
573 2149 672 2205 autem
696 2161 768 2206 casu
790 2145 987 2222 impotentiae
1010 2141 1206 2220 particularis,

62 2262 91 2306 v.
118 2263 150 2326 g.
174 2249 199 2306 si
223 2245 369 2324 parochus
392 2246 506 2308 absita
530 2246 614 2324 loco,
645 2247 693 2306 vei
716 2252 866 2321 mortuus,
897 2261 996 2324 neque
1019 2243 1095 2305 adsit
1118 2245 1204 2322 alius,

23 2391 37 2410 .
64 2352 119 2427 qui
144 2352 227 2409 vices
251 2350 317 2429 ejus
339 2356 440 2431 geret3
470 2351 519 2411 vel
541 2355 566 2410 si
590 2355 621 2410 in
643 2349 769 2412 articulo
799 2352 904 2410 mortis
932 2351 1111 2409 constitutus
1134 2331 1207 2408 velit

62 2451 245 2512 contrahere
260 2470 327 2512 cum
342 2453 508 2515 concubina
523 2453 565 2515 ad·
584 2451 791 2536 legitimandas
806 2451 905 2531 proles
928 2467 967 2510 ex
985 2467 1019 2510 ea
1039 2457 1205 2529 susceptas,

62 2558 96 2614 in
121 2553 208 2632 loeis,
233 2553 283 2614 ubi
308 2554 431 2617 Consilii
456 2557 615 2618 Decretum
639 2559 732 2639 viget,
757 2571 814 2615 nec
836 2555 916 2614 licite
938 2569 995 2614 nec
1018 2552 1116 2615 valide
1140 2571 1206 2616 ma-

63 2660 241 2718 trimonium
271 2661 337 2718 sine
361 2658 491 2737 parocho
514 2664 545 2720 et
568 2659 692 2720 testibus
722 2655 855 2720 contrahi
886 2661 994 2735 potest.
1039 2655 1125 2718 1111110
1148 2662 1205 2733 est,

63 2764 155 2840 quia,
184 2759 303 2839 quando
321 2762 373 2840 jus
395 2768 493 2824 actum
516 2764 620 2838 aliter,
643 2780 730 2842 qnam
753 2765 835 2822 certo
859 2757 948 2822 modo
971 2757 1036 2819 fieri
1059 2757 1205 2838 prohibet,

63 2866 202 2942 apposita
230 2862 362 2924 clausula
392 2871 488 2927 actum
520 2866 607 2927 aliter
635 2869 755 2946 gestum
778 2866 933 2937 irritante,
964 2859 1130 2922 secundum
1153 2879 1207 2922 ra-

64 2972 184 3045 oeptam
208 2963 371 3026 doctrinam
396 2968 502 3030 modus
524 2968 574 3028 ille
599 2971 728 3048 pertinet
750 2965 787 3028 ad
803 2965 928 3026 formam
951 2969 1045 3042 actus,
1070 2981 1147 3044 quae
1170 2961 1212 3036 ad¹

63 3087 201 3152 unguem
224 3067 410 3132 observanda
435 3076 497 3150 est,
528 3075 558 3130 et
581 3075 649 3152 quia
673 3087 741 3132 esse
771 3067 820 3129 dat
842 3071 936 3146 actui,
969 3070 1010 3126 ita
1033 3070 1206 3129 necessaria

64 3177 122 3250 est,
147 3177 181 3233 ut
203 3175 269 3232 sine
291 3174 355 3251 ipsa
380 3177 465 3235 actus
489 3191 557 3235 esse
581 3180 610 3234 et
633 3172 797 3235 subsistere
820 3163 995 3252 nequeat.²)

65 3361 274 3373 ---=—--·—-——-—

95 3481 117 3547 ¹)
138 3479 202 3531 Vide
219 3478 312 3532 declar.
330 3481 355 3531 S.
374 3477 402 3533 O.
421 3480 488 3548 apud
506 3480 659 3550 Schmalagr.
677 3484 702 3532 in
721 3479 874 3546 Ruremond.
893 3482 915 3530 2.
931 3477 990 3541 ttaji
1012 3477 1090 3540 16763
1108 3479 1134 3527 in
1152 3475 1205 3530 Ge·
1236 3529 1239 3538 λ

138 3565 248 3617 dunensi
269 3565 308 3616 18.
328 3565 397 3632 Sept.
417 3566 497 3628 1677,
522 3577 548 3620 et
566 3571 591 3618 in
617 3583 668 3618 una
688 3568 775 3619 Venet.
795 3567 818 3617 1.
837 3566 896 3616 Dec.
917 3564 990 3616 1666.
1015 3564 1040 3612 111
1059 3577 1109 3614 una
1127 3561 1201 3632 Belgi

135 3655 178 3704 27.
199 3651 271 3702 biart.
291 3653 366 3703 1632.

94 3754 117 3819 ²)
133 3753 287 3822 Schmalcgr.
306 3757 341 3805 tit
363 3755 386 3806 3.
405 3771 430 3806 n.
451 3755 508 3806 103.
524 3757 581 3807 106.
593 3754 765 3821 -Excipitur
784 3753 891 3823 quodam
911 3764 987 3800 sensu
1007 3751 1204 3815 matrimonium,

133 3839 201 3908 quod
220 3839 321 3906 publice
345 3849 516 3903 contractum,
540 3840 585 3890 sed
610 3839 721 3891 invalide
738 3837 771 3890 ob
795 3841 965 3890 interveniens
987 3833 1204 3901 impedimentum,

132 3934 190 3994 post
208 3928 366 3992 impetratam
385 3927 598 3995 dispensationem
622 3926 690 3978 clam
707 3925 792 3976 denuo
811 3923 924 3975 contrahi
944 3927 1036 3989 poten,
1064 3921 1129 3972 aicut
1148 3923 1204 3979 inlr.

132 4010 283 4064 ridebimur.
