2746 4646
302 189 350 254 ,oo
366 190 552 263 bupehmeubr
569 193 754 244 matrimonium
772 191 954 246 dinnoutibru.
1170 175 1209 244 91

74 345 172 424 quoad
196 346 264 422 mus
294 348 528 423 certitudinem,
560 348 615 410 sed
647 351 866 410 matrimonium
896 348 959 410 vel'
974 366 1033 412 uon
1063 349 1153 424 valet,
1187 353 1211 412 si

74 465 135 508 non
159 449 301 512 subsistat
323 449 467 528 conditio,
499 451 550 512 vel
581 453 686 512 atatim
709 449 807 527 valet,
831 455 855 512 si
879 451 1029 513 subsistat.
1075 450 1212 513 Conditio

72 557 173 611 autem
197 557 384 632 suspensivo
406 554 444 614 de
465 551 574 629 futuro
594 552 748 633 suspendit
770 553 820 614 vel
835 553 964 616 infirmat
988 557 1211 616 matrimonium

71 653 121 713 vel
144 652 219 714 nihil
243 654 354 734 elficit,
391 661 479 734 prout
518 661 564 717 est
593 655 716 718 honesta
739 673 774 716 ac
797 655 964 734 possibilis,
996 655 1045 716 vel
1067 655 1212 718 substan-

71 758 131 816 tiae
155 760 345 820 matrimonio
368 775 551 842 repugnans,
573 759 623 820 vol
649 763 741 838 turpis
764 763 795 822 et
816 756 1048 838 impossibilis')

160 858 209 920 lll.
234 859 268 922 ln
290 865 385 940 primo
408 879 488 937 casu,
513 861 629 924 scilicet
650 864 675 923 si
700 865 922 924 matrimonium
941 861 1134 940 suspenditur
1157 881 1210 943 per

72 959 260 1024 conditiones
283 963 468 1026 honestasao
485 964 643 1044 possibiles
666 967 846 1028 matrimonii
868 963 1051 1054 substantiae
1074 981 1133 1026 non
1158 983 1212 1028 re-

70 1072 250 1147 pugnantes,
275 1065 350 1128 haeo
372 1071 527 1146 speciatim
552 1067 678 1130 notanda
701 1073 784 1130 sunt:

100 1167 132 1243 1)
159 1167 280 1248 impleta
302 1168 475 1231 conditione
498 1187 664 1232 consensus
686 1169 906 1233 conditionatus
934 1175 1038 1231 transit
1060 1174 1091 1231 in
1113 1170 1206 1236 abso-

157 1271 251 1332 lutum
275 1272 378 1346 (modo
400 1271 451 1334 ille
474 1276 594 1352 praevie
617 1290 676 1334 non
701 1272 791 1334 luerit
814 1277 986 1351 revocatus)
1016 1277 1046 1332 et
1077 1291 1114 1335 eo
1138 1291 1206 1335 mo-

159 1379 270 1452 mento,
303 1379 392 1436 ctiam
424 1381 581 1454 autequam
613 1373 824 1438 contrahentes
846 1379 939 1436 seiani
976 1375 1012 1436 de
1035 1375 1207 1456 impletione

157 1476 354 1554 conditionis,
387 1482 605 1541 matrimonium
629 1476 824 1558 perficitur&
854 1477 944 1558 idque
977 1483 1044 1540 sine
1074 1479 1207 1542 ulteriori

157 1597 237 1642 novo
260 1597 423 1653 consonam
448 1597 547 1660 nequo
562 1581 682 1642 dubium
706 1586 761 1660 est,
780 1585 852 1660 quin
872 1580 915 1641 illi
933 1580 1038 1641 eodem
1058 1587 1208 1644 momento

157 1683 381 1745 Sacramentum
405 1687 583 1764 suscipiant,
614 1701 681 1744 cum
711 1684 784 1744 illud
807 1687 951 1764 sequatur
974 1689 1108 1744 naturam
1132 1703 1209 1747 con-

157 1791 278 1848 tractus

95 1886 133 1964 2)
158 1887 187 1950 Si
212 1894 310 1974 autem
334 1907 501 1952 consensus
531 1893 601 1950 anie
631 1888 781 1968 impletam
815 1887 1016 1950 conditionem
1048 1894 1208 1952 revocatus

158 1991 260 2068 luerit,
293 2010 390 2055 novus
423 2008 587 2055 consensus
611 1994 774 2070 requiritur
794 1989 831 2051 ad
855 1989 1067 2072 perficiendum
1101 1996 1209 2052 matri-

156 2098 288 2154 monium
311 2097 431 2176 impleta
454 2077 643 2172 conditione,
669 2097 693 2154 si
716 2098 854 2174 insuper,
880 2099 1022 2156 revocato
1045 2110 1206 2170 consensu,

154 2195 230 2258 aliae
243 2202 362 2276 nuptiae
382 2217 450 2260 oum
470 2203 555 2260 tertia
580 2214 708 2277 persona
730 2202 798 2258 aute
820 2197 971 2276 impletam
1001 2196 1205 2281 conditionem

154 2303 246 2360 initae
285 2299 395 2362 luerint
426 2306 492 2362 sine
521 2301 710 2378 conditione,
741 2299 891 2362 secundae
931 2302 1051 2376 nuptiae
1084 2299 1203 2362 validae

154 2409 253 2478 erunt,
279 2402 366 2464 modo
390 2421 428 2464 ne
451 2403 550 2466 obstet
573 2403 653 2466 aliud
677 2393 932 2484 impedimentum,
957 2407 1027 2482 quia
1049 2407 1207 2464 exmatri-

156 2509 258 2566 monio
280 2507 483 2570 conditionato
507 2505 638 2570 nondum
662 2511 757 2568 oritur
779 2504 1027 2586 impedimentum
1045 2506 1205 2590 ligaminis,

156 2606 209 2668 sed
239 2613 351 2670 tantum
384 2609 527 2692 obligatio
559 2609 751 2690 exspectandi
784 2608 881 2672 donec
911 2606 1043 2671 conditio
1084 2609 1205 2689 impleta

156 2709 259 2788 luerit,
281 2712 329 2772 vel
352 2730 428 2788 non,
450 2711 553 2774 illicite
577 2719 676 2774 tarnem
698 2717 762 2796 agit
778 2711 877 2773 taliter
898 2709 1077 2774 contrahens
1100 2729 1134 2774 ae
1156 2711 1205 2772 al-

156 2818 212 2874 teri
237 2813 377 2876 damnum
400 2818 546 2877 resarcire
571 2820 697 2878 tenetur.

97 2915 132 2991 3)
156 2916 187 2978 Si
212 2917 419 2980 contrahentes
441 2917 585 2980 recedunt
607 2921 728 3000 aposita
752 2917 935 2995 conditione,
959 2923 1117 2998 antequam
1140 2920 1203 2978 im·-

152 3020 279 3100 pleatur,
304 3025 524 3084 matrimonium
547 3025 612 3102 ipso
635 3021 713 3083 lacto
737 3021 906 3101 perficitur;
936 3019 1015 3080 idem
1045 3018 1203 3082 dicendum

152 3127 209 3201 est,
240 3125 264 3184 si
297 3128 366 3184 ante
399 3123 551 3206 impletam
582 3123 783 3185 conditionem
822 3121 927 3200 copula
962 3121 1121 3184 subsecuta
1154 3127 1203 3201 sii,

151 3230 222 3305 quia
246 3226 345 3288 taliter
367 3226 503 3309 agendo,
535 3246 552 3290 a
575 3225 747 3289 conditione
771 3229 933 3288 recessisse
956 3230 1202 3308 praesumuntur,

151 3327 323 3409 etquidem
343 3330 412 3411 jure
435 3329 525 3391 etde
543 3331 624 3411 jure,
647 3334 698 3408 ita,
725 3335 757 3390 ut
767 3331 906 3390 contrarii
932 3327 1067 3407 probatio
1090 3327 1203 3410 directa

152 3448 213 3492 non
235 3430 449 3506 admittaturl)

150 3532 199 3595 lV.
225 3532 258 3594 ln
280 3533 413 3597 secundo
435 3553 516 3610 casu,
549 3539 574 3596 si
606 3534 793 3598 conditiones
816 3537 995 3596 matrimonii
1018 3533 1203 3597 substantiae

68 3641 269 3719 repugnantes
293 3641 410 3718 nuptias
433 3641 569 3715 irritant,
592 3638 756 3700 notandum
780 3643 842 3700 est:

90 3785 111 3850 ¹)
130 3785 173 3838 lib.
191 3785 231 3836 lV.
252 3785 348 3838 Deerat.
368 3789 401 3838 tit
423 3789 446 3837 5.
465 3786 495 3838 ll.
514 3787 545 3840 cl.
565 3786 623 3840 Gar.
641 3787 673 3840 lt.

94 3873 115 3937 i)
132 3871 209 3922 Dens.
228 3870 340 3942 theolog.
358 3872 390 3923 de
407 3881 478 3924 matr.
492 3890 518 3924 n.
534 3875 576 3929 ³7.
588 3871 660 3927 Gonl.
672 3871 729 3927 Cas.
742 3873 784 3926 lX.

95 3957 118 4026 ³)
135 3957 178 4010 lib.
196 3957 238 4012 lli.
256 3956 355 4014 Deerat,
375 3960 410 4016 tit,
429 3959 453 4016 5,
472 3975 495 4017 o,
513 3959 545 4018 de
562 3958 662 4018 illinit,
679 3975 701 4010 c.
720 3975 796 4035 super
813 3957 852 4018 ad,
883 3960 908 4016 5.
