2764 4664
177 237 242 328 298
595 255 675 310 Germ
693 256 898 318 namnomaier.

177 411 282 502 licque
296 417 341 500 'in
371 411 493 478 dubium
521 418 656 478 revocari
685 431 793 494 posco,
828 413 967 478 Cosmum
997 421 1156 502 ignorasse
1188 422 1313 482 mortem

176 519 297 596 uotis,
320 521 383 580 lum
405 521 476 598 quia
498 515 737 580 testificationem
762 536 823 582 non
845 519 1007 598 viduitatis,
1032 521 1084 584 sed
1108 521 1196 583 liberi
1219 525 1312 582 status

173 616 314 710 ‘exhihuit
335 617 544 693 adulterinam,
567 625 629 682 tum
652 626 722 701 quia
745 621 784 684 ob
807 622 1012 705 longissimam
1035 623 1171 688 locorum
1194 624 1314 686 distan-

172 724 247 809 tiam
271 738 334 784 non
354 726 450 800 potuit
472 729 597 786 mortem
620 729 734 787 rescire
757 726 909 808 conjugis,
943 733 1004 788 tum
1028 730 1097 808 quia
1120 726 1157 788 ab
1180 725 1240 786 hoc
1259 721 1314 786 'se-

176 823 276 886 cundo
300 829 487 889 matrimonio
516 831 654 908 tanquam
677 847 694 890 a
716 831 842 906 crimine
865 827 1034 904 abhorruit,
1065 829 1145 910 quod
1168 833 1202 890 in
1226 846 1315 890 causa

176 926 246 1006 luit,
268 932 300 988 ιιι
321 927 528 1012 llagdalenam
552 927 723 1008 desereret,
749 937 781 994 ut
805 922 908 1012 proliat
930 931 1054 1011 epistola
1079 931 1225 1012 Byzantio
1250 929 1314 992 daia

114 1068 120 1078 ·
176 1029 214 1098 ad
235 1035 363 1096 amicum
379 1029 603 1114 smyrnensem,
628 1036 659 1094 in
677 1051 735 1114 qua
752 1033 915 1114 damnavit,
938 1035 1019 1114 quod
1039 1041 1154 1118 egerat,
1179 1037 1315 1114 aperuit-

171 1151 237 1222 ‚qua
259 1137 356 1198 amico
378 1139 562 1216 propositum
586 1135 723 1219 fugiendi
745 1142 776 1198 et
798 1155 863 1200 eam
887 1137 1055 1200 deserendi.
1069 1173 1109 1184 -
1129 1136 1160 1208 ln
1185 1137 1231 1198 lais
1255 1139 1315 1218 igi-

178 1241 226 1299 tur
246 1241 478 1302 circumstantiis
499 1243 602 1320 aperte
624 1237 780 1324 dignoscis
802 1245 1023 1304 matrimonium
1047 1259 1114 1302 eum
1137 1239 1315 1323 Magdalena

172 1357 195 1426 ,a
219 1337 328 1402 cosmo
351 1346 536 1407 contractum
560 1341 670 1416 fuisse,
701 1348 851 1424 nunquia
875 1349 976 1422 sciret,
1000 1361 1126 1406 uxorem
1149 1361 1235 1406 suam
1260 1341 1315 1404 de-

178 1440 309 1504 functam
338 1441 448 1520 fuisse,
479 1441 533 1506 sed
556 1450 588 1506 ut
610 1448 719 1507 vitaret
748 1450 843 1508 minas
872 1451 1166 1529 consanguineorum
1190 1444 1316 1530 Magda-

177 1543 276 1619 lenae,
298 1549 359 1626 qui,
383 1558 475 1628 quum
499 1564 565 1610 eam
582 1555 668 1612 utero
691 1565 800 1632 gerere
818 1553 1043 1631 cognovissent,
1069 1555 1193 1610 mortem
1219 1553 1316 1610 mina-

140 1733 144 1740 ·
173 1646 296 1724 bantur,
318 1667 407 1730 quarn
430 1656 462 1712 ut
482 1649 603 1734 ingeret
615 1650 748 1729 Cosmus,
774 1651 893 1731 decepit
915 1655 1168 1734 consanguineos,
1197 1651 1316 1731 decepit

177 1750 315 1832 puellam,
328 1751 506 1834 decepitque
516 1754 663 1818 vicarium
679 1753 887 1834 Apostolicum
903 1755 974 1818 falsa
993 1753 1205 1837 testificatione
1222 1753 1317 1815 liber-

181 1857 259 1932 tatis,
283 1873 343 1936 qua
362 1861 582 1920 matrimonium
598 1861 766 1933 contraxit3
789 1876 896 1920 novam
918 1863 1020 1938 itaque
1035 1861 1182 1920 rationem
1200 1874 1242 1918 en
1261 1855 1317 1918 hoc

178 1961 261 2020 metu
278 1963 545 2041 a‘consanguineis
562 1960 645 2023 illato
667 1959 765 2036 educi,
787 1979 864 2042 quae
884 1961 988 2042 probet
1010 1959 1175 2022 nullitatem
1197 1959 1316 2022 delectu

177 2077 353 2125 consensus.
377 2060 481 2142 Neque
502 2062 540 2124 ad
562 2081 625 2124 rem
649 2067 800 2144 pertinere
822 2061 1050 2142 dispositionem
1074 2067 1105 2123 in
1121 2080 1146 2123 o.
1163 2062 1192 2124 2.
1208 2061 1317 2123 Domi-

73 2153 76 2160 ’
180 2178 237 2226 uus
260 2159 308 2225 lV.
332 2163 391 2240 21;
419 2183 488 2228 nam
510 2165 665 2244 dispositio
692 2166 741 2228 illa
771 2170 919 2228 succurrit
944 2164 1072 2245 decepto
1102 2169 1206 2228 contra
1230 2165 1317 2228 deci-

171 2271 326 2350 pientem,
350 2273 382 2330 ut
399 2271 424 2330 si
439 2268 582 2350 deceptus
598 2268 680 2346 uelit,
704 2273 830 2352 cogatur
844 2267 997 2348 decipiens
1019 2272 1098 2330 stare
1115 2271 1315 2346 matrimonio,

179 2375 212 2434 ut
234 2370 384 2452 explicant
406 2371 544 2450 Fognco.
566 2373 599 2430 in
620 2389 646 2432 c.
670 2370 880 2433 AdNostrorn
902 2391 932 2434 n.
952 2371 979 2432 7.
1005 2373 1037 2432 io
1058 2371 1111 2448 fin.
1134 2371 1173 2432 de
1194 2370 1316 2450 conjug.

180 2491 300 2536 uereor.
343 2473 479 2536 Neocrr.
507 2477 539 2537 in
562 2475 690 2536 manual.
714 2493 740 2536 c.
763 2473 813 2538 22.
838 2491 866 2536 n.
891 2470 940 2536 23.
972 2491 1032 2534 non
1056 2489 1129 2534 vero
1152 2475 1238 2555 cogit
1261 2471 1318 2533 de-

179 2580 300 2658 ceptum
318 2575 492 2658 laesumque
508 2577 679 2660 conjugem,
703 2582 736 2640 ut
756 2581 795 2640 sit
812 2581 843 2638 in
858 2580 1064 2652 matrimonio3
1088 2573 1223 2654 deceptis
1239 2578 1317 2638 enim

170 2677 330 2760 laesisque
353 2678 589 2745 succurrendum
611 2686 668 2756 cst,
692 2697 752 2742 non
771 2679 990 2760 decipientibus
1012 2683 1042 2738 et
1064 2677 1265 2756 laedentibus,
1290 2682 1319 2738 ui

168 2780 301 2848 „tradunt
323 2780 438 2846 Olioer.
468 2783 506 2846 de
532 2782 627 2846 nullit.
656 2786 781 2846 matrim.
811 2781 839 2844 P.
865 2781 885 2845 l.
915 2781 964 2843 iol.
987 2779 1038 2844 46.
1074 2782 1215 2844 Graiium
1241 2781 1317 2842 Disc.

73 2943 74 2946 ,
169 2883 238 2953 ¹lor.
260 2904 322 2967 cap.
345 2883 418 2951 849.
443 2905 470 2950 n.
494 2885 544 2950 32.
572 2885 705 2966 Ursoya,
728 2885 851 2966 discept.
875 2884 982 2947 eccles.
1007 2885 1039 2946 Τ.
1057 2883 1106 2946 iii.
1133 2883 1161 2946 ι’,
1186 2881 1221 2947 ii.
1246 2889 1276 2956 s.
1293 2881 1320 2946 ii.

181 3004 210 3050 n.
234 2985 285 3052 36.
317 2987 399 3052 Haec
419 2989 612 3074 Magdalenm
633 3007 651 3050 a
673 2986 834 3050 defensore
856 2991 1033 3050 matrimonii
1057 2986 1129 3048 nihil
1151 2983 1319 3048 habuimus.

177 3087 312 3152 ,Dubium
335 3097 399 3154 est:
423 3091 495 3171 „An
519 3095 637 3154 constet
662 3089 699 3152 de
719 3091 854 3154 nullitate
872 3093 1053 3154 matrimonii
1075 3094 1107 3152 in
1126 3106 1198 3154 casu
1221 3087 1320 3150 etc.?“

182 3189 212 3256 S.
237 3190 269 3254 0.
293 3193 430 3275 respond.
461 3193 510 3256 die
532 3193 561 3259 6.
584 3195 654 3276 Maji
688 3190 785 3258 17522
816 3194 947 3274 „Dilata
975 3201 1004 3254 ei
1026 3193 1145 3256 corioni
1173 3189 1321 3270 defensor

182 3297 401 3362 matrimonii.“

270 3397 395 3482 Scripsit
424 3400 583 3478 defensor,
617 3405 647 3462 et
677 3405 766 3484 urget
796 3399 932 3461 illicitum
964 3399 1102 3482 quidem,
1136 3397 1189 3460 sed
1221 3403 1322 3482 tamen

184 3501 313 3566 validum
336 3521 405 3570 osse
430 3507 652 3567 matrimonium
675 3508 860 3566 contractum
884 3501 920 3565 ah
943 3519 997 3580 eo,
1026 3506 1077 3580 qui
1107 3518 1167 3562 non
1190 3517 1323 3580 exspec-

171 3609 251 3688 tato
269 3611 352 3669 certo
375 3601 480 3670 nuntio
506 3603 546 3670 de
569 3613 665 3670 morte
688 3607 827 3688 conjugis
856 3622 924 3668 cum
946 3604 1003 3666 alia
1026 3603 1174 3666 secundas
1203 3607 1324 3684 nuptias

170 3707 344 3788 contrahit,
367 3709 437 3778 dum
453 3727 526 3784 vere
550 3727 626 3772 uxor
648 3708 756 3772 obierit
779 3713 922 3788 tempore,
947 3724 1006 3787 quo
1026 3706 1190 3768 secundum
1215 3710 1324 3788 matri-

169 3816 320 3892 monium
341 3817 446 3876 initum
467 3813 533 3892 luit,
557 3816 626 3894 quia
649 3827 816 3875 consensus
836 3813 943 3872 nonin
963 3809 1123 3888 eosolum,
1148 3811 1198 3890 qui
1219 3825 1323 3892 mora·

171 3915 255 3996 ,liter
283 3921 383 3980 cortus
410 3921 474 3997 est,
505 3915 557 3978 sed
582 3920 671 4005 etiam
699 3918 731 3976 in
754 3932 807 3989 eo,
838 3915 888 3994 qui
911 3910 948 3974 de
971 3929 1026 3975 sua
1055 3911 1190 3974 libertate
1215 3910 1323 3973 dubins

171 4021 293 4096 ,notui
314 4018 475 4096 contrahit,
504 4008 625 4082 servatd
650 4017 746 4100 torma
768 4013 952 4090 Tridentini,
982 4017 1055 4078 satis
1078 4019 1140 4088 est,
1168 4017 1202 4076 ut
1225 4012 1323 4098 valide
