2736 4660
170 207 233 280 356
587 231 666 288 Casas
685 231 888 286 nummatum.

258 388 374 453 Interea
397 391 501 457 Petrus
524 375 632 458 barret
638 437 647 471 ,
680 394 728 454 cui
751 381 919 454 nuntiatum
948 387 1059 468 luerat,
1092 394 1224 471 optatam
1248 387 1311 452 dis·-

170 497 377 573 pensationem
400 495 480 558 incili
504 497 628 579 negotio
652 509 685 554 sc
707 492 772 556 iore
794 493 1003 568 obtentumm‚
1031 509 1095 554 rem
1118 492 1221 556 babuit
1245 511 1310 555 cum

170 595 272 672 Clam,
302 615 379 677 quae
402 604 488 662 ulero
511 601 666 679 concepit,
694 602 725 658 et
746 596 883 660 abortum
905 615 993 678 passa
1021 601 1076 660 est.
1121 596 1211 659 Gravi
1237 613 1311 679 ergo

169 703 199 758 et
221 702 341 764 immani
366 700 469 765 dolore
491 705 556 782 ipse
579 705 610 762 et
632 699 717 763 Clara
739 699 839 764 allecti
861 707 947 778 sunt,
978 717 1047 762 cum
1070 698 1233 762 audierunt
1256 698 1312 760 de-

169 807 308 886 negatam
332 802 601 883 dispensationum
625 808 655 865 et
677 805 826 885 supplices
849 808 996 866 steterunt
1018 801 1095 883 apud
1118 799 1311 882 Episcopum,

169 912 202 967 ut
224 911 375 968 communi
404 907 511 970 honori
534 911 564 968 et
594 911 715 970 orituris
738 907 887 970 scandulis
918 910 1100 969 occurreret.
1144 905 1313 986 Episcopus

169 1010 246 1073 datis
273 1009 380 1073 litteris
403 1011 439 1072 ad
462 1010 615 1074 Summum
639 1009 809 1072 Pontificem
834 1011 1011 1089 deprecatus
1033 1014 1097 1089 est,
1124 1015 1159 1072 ut
1188 1012 1314 1088 paterna

169 1111 327 1173 clementia
350 1113 522 1175 consuleret
551 1119 703 1177 oratorum
734 1117 900 1195 angustiis,
932 1117 1115 1194 politamque
1136 1111 1314 1192 indulgeret

169 1213 424 1292 dispensationem
447 1233 537 1297 super
558 1214 772 1296 impedimento
797 1217 933 1295 publicae
956 1215 1135 1292 honestatis,
1166 1221 1197 1276 et
1220 1232 1314 1295 super

169 1315 312 1379 affinitate
334 1319 377 1380 ad
397 1337 546 1380 summam
568 1320 611 1381 ad
632 1319 782 1380 coattelcm
807 1326 935 1381 tantam.
981 1317 1092 1381 Placuit
1113 1315 1313 1380 sanctissimo

169 1423 344 1498 petitionem
361 1421 493 1484 ‘eandem
512 1419 652 1504 delegare
674 1421 743 1483 bule
754 1419 782 1484 S.
797 1421 827 1484 C.
850 1441 910 1503 pro
932 1429 1003 1484 voto
1025 1427 1055 1482 et
1078 1426 1214 1483 oratores
1237 1437 1313 1500 pre-

166 1521 229 1585 lixo
252 1523 352 1587 libello
376 1525 537 1604 disserunt,
561 1524 778 1586 consulendum
802 1543 871 1587 esse
888 1525 1082 1588 Sanctissimo
1104 1542 1158 1605 pro
1181 1523 1314 1603 dispen-

166 1629 299 1705 satione,
323 1646 391 1690 cum
414 1627 511 1690 eidem
535 1627 662 1689 liberum
685 1633 739 1704 sit,
773 1645 1006 1709 supremumque
1038 1626 1195 1688 arbitrium
1219 1643 1313 1688 omne

167 1727 289 1791 tollendi
313 1729 572 1811 impedimentum,
603 1750 662 1814 quo
687 1734 866 1795 matrimonii
889 1733 1061 1795 contractus
1094 1731 1224 1810 positivo
1250 1729 1312 1791 Ga-

168 1848 280 1895 nonum
299 1833 369 1914 jure
391 1833 572 1912 prohibetur.

253 1933 290 2007 Et
313 1917 465 1998 autumant
487 1937 684 2018 irregularem
708 1943 738 1999 et
760 1937 980 2000 exorbitantem
1005 1953 1064 1997 non
1086 1935 1155 1998 esse
1179 1939 1311 2019 gratiam

168 2033 398 2116 dispensationis
420 2055 510 2119 super
529 2039 746 2120 impedimento
767 2039 904 2122 publicae
926 2039 1101 2111 honestatis,
1125 2038 1205 2118 quod
1229 2042 1312 2100 inter

165 2127 287 2204 minima
310 2148 483 2205 numeratur
505 2192 512 2206 .
537 2189 576 2206 ..
622 2143 829 2208 Probationem
860 2149 959 2206 autem
992 2161 1052 2204 non
1081 2147 1204 2204 secutae
1230 2159 1310 2205 con-

165 2248 372 2310 summationis
405 2245 606 2310 sufficientem
641 2250 706 2308 erui
738 2244 923 2308 contendunt
950 2263 988 2305 ex
1017 2244 1189 2324 juramento
1218 2243 1310 2322 Petri,

165 2351 214 2408 cul
236 2347 325 2428 plene
347 2347 612 2412 deferendumest
633 2353 665 2412 in
688 2366 761 2410 casu
768 2394 777 2425 ,
812 2366 879 2408 eum
903 2352 1010 2430 agatur
1033 2345 1070 2407 de
1093 2348 1158 2410 solo
1182 2349 1310 2428 praeju-
1364 2327 1365 2358 ³

165 2437 243 2514 dicio
266 2456 384 2515 animae
408 2451 596 2531 confitentis,
621 2457 650 2512 et
673 2449 793 2512 aliunde
815 2449 917 2513 baberi
941 2467 1002 2516 uon
1025 2454 1141 2529 possint
1164 2451 1309 2513 meliores

163 2553 369 2636 probationes,
400 2557 575 2636 praesertim
599 2573 667 2617 cum
689 2553 766 2614 Petri
786 2553 988 2636 juramentum
1018 2551 1249 2614 corroboratum
1273 2558 1309 2614 sit

163 2661 306 2738 opinione
340 2663 478 2736 testium,
512 2663 542 2718 et
571 2656 743 2718 infirmitate
775 2656 927 2734 mulieris,
961 2673 1037 2738 quae
1060 2655 1306 2717 verisimiliorem

162 2759 291 2826 reddunt
328 2778 389 2824 ncn
419 2768 552 2826 secutam
582 2764 882 2824 consummationem.
926 2757 963 2820 Et
993 2764 1142 2840 quatenus
1180 2758 1304 2822 dubium

163 2863 284 2958 aliquod
305 2871 478 2946 superesset
501 2869 578 2928 cirea
602 2865 796 2926 relevantiam
818 2863 1036 2958 probationum,
1060 2860 1165 2924 haec
1155 2880 1225 2943 apsa
1250 2863 1307 2924 du-

163 2967 270 3048 bietas,
300 2985 377 3050 quae
400 2967 611 3032 certitudinem
635 2965 837 3048 impedimenti
861 2966 1010 3030 affinitatis
1033 2964 1182 3044 excludit,
1218 2965 1307 3030 sulli-

163 3075 247 3134 ciens
269 3075 343 3152 ipsis
365 3070 484 3133 videtur
510 3071 548 3134 ad
569 3069 735 3134 faciliorem
763 3068 948 3134 reddendam
977 3072 1122 3152 gratiam,
1151 3087 1223 3131 cum
1249 3088 1306 3132 non

161 3171 262 3250 desint
285 3175 423 3256 exempla
435 3173 689 3256 dispensationum
713 3177 802 3236 etiam
824 3179 856 3236 in
879 3177 987 3254 prium,
1011 3177 1041 3234 et
1062 3172 1198 3235 seeundo
1211 3172 1306 3257 gradu

163 3276 316 3342 affinitatis
323 3295 333 3354 3
361 3281 453 3341 immo
485 3282 575 3362 etiam
609 3281 894 3360 consanguinitatis,
931 3281 961 3338 et
992 3279 1151 3356 propterea
1187 3277 1305 3342 l'acilius

163 3380 357 3446 concedenda
378 3385 417 3444 sit
440 3399 530 3460 super
552 3379 765 3462 impedimento
790 3379 925 3460 publicae
948 3377 1128 3458 honestatis,
1154 3379 1306 3459 quemad-

162 3484 284 3560 modum
306 3483 527 3566 lndulgendum
552 3481 760 3550 esse‘censuit
783 3485 856 3572 baec
867 3482 896 3548 S.
909 3481 939 3546 C.
963 3480 1138 3562 indecens,
1167 3479 1303 3548 lirion

166 3583 247 3651 1629
254 3607 264 3664 ;
301 3591 477 3667 praesertim
509 3590 579 3666 quia
608 3585 789 3666 dispensatio
821 3591 932 3668 petitur
954 3589 1058 3648 avirc
1092 3602 1147 3666 pro
1170 3585 1304 3650 secunda

161 3708 268 3753 sorore
291 3688 505 3770 dispensanda,
536 3689 620 3768 quod
639 3688 767 3767 foedius
790 3691 1007 3764 committitur,
1028 3706 1121 3768 pacm
1143 3691 1176 3752 ιι·
1195 3691 1304 3754 matur

161 3795 276 3856 ducere
298 3794 388 3855 cellet
410 3794 541 3855 alterum
558 3790 712 3870 fratrem
734 3797 764 3854 et
781 3797 849 3874 quia
864 3809 973 3877 graves
996 3809 1057 3855 non
1074 3790 1185 3856 desunt
1196 3811 1303 3858 causac

163 3897 202 3960 ob
225 3901 360 3961 secutam
393 3897 612 3978 copulam,..
638 3895 708 3958 ‚ob
731 3895 870 3961 scandala
893 3895 979 3960 facile
1001 3899 1128 4034 oritura,
1159 3895 1199 3960 ob
1221 3899 1302 3977 peri-

163 4001 264 4065 culum
286 4005 402 4066 animae
425 4005 456 4064 et
478 4004 675 4083 corporis..
