<?xml version="1.0" encoding="UTF-8"?>
<!DOCTYPE html PUBLIC "-//W3C//DTD XHTML 1.0 Transitional//EN"
    "http://www.w3.org/TR/xhtml1/DTD/xhtml1-transitional.dtd">
<html xmlns="http://www.w3.org/1999/xhtml" xml:lang="en" lang="en">
 <head>
  <title>
</title>
<meta http-equiv="Content-Type" content="text/html;charset=utf-8" />
  <meta name='ocr-system' content='tesseract 3.04.00' />
  <meta name='ocr-capabilities' content='ocr_page ocr_carea ocr_par ocr_line ocrx_word'/>
</head>
<body>
  <div class='ocr_page' id='page_1' title='image "./dematrimoniotra00heisgoog_0397.png"; bbox 0 0 2736 4660; ppageno 0'>
   <div class='ocr_carea' id='block_1_1' title="bbox 174 247 886 320">
    <p class='ocr_par' dir='ltr' id='par_1_1' title="bbox 174 247 886 320">
     <span class='ocr_line' id='line_1_1' title="bbox 174 247 886 320; baseline 0 -1"><span class='ocrx_word' id='word_1_1' title='bbox 174 247 237 319; x_wconf 79' lang='lat'><strong>372</strong></span> <span class='ocrx_word' id='word_1_2' title='bbox 582 265 663 320; x_wconf 75' lang='lat' dir='ltr'><strong>cam·</strong></span> <span class='ocrx_word' id='word_1_3' title='bbox 680 265 886 319; x_wconf 67' lang='lat' dir='ltr'><strong>munaida.</strong></span> 
     </span>
    </p>
   </div>
   <div class='ocr_carea' id='block_1_2' title="bbox 158 422 1365 4106">
    <p class='ocr_par' dir='ltr' id='par_1_2' title="bbox 171 422 1365 1958">
     <span class='ocr_line' id='line_1_2' title="bbox 174 422 1314 504; baseline -0.002 -16"><span class='ocrx_word' id='word_1_4' title='bbox 174 429 372 489; x_wconf 88' lang='lat' dir='ltr'><strong>matrimordts</strong></span> <span class='ocrx_word' id='word_1_5' title='bbox 394 423 636 490; x_wconf 84' lang='lat' dir='ltr'><strong>Acathottcorum</strong></span> <span class='ocrx_word' id='word_1_6' title='bbox 660 441 727 486; x_wconf 93' lang='lat' dir='ltr'><strong>cum</strong></span> <span class='ocrx_word' id='word_1_7' title='bbox 744 422 938 503; x_wconf 83' lang='lat' dir='ltr'><strong>Acathoiicis,</strong></span> <span class='ocrx_word' id='word_1_8' title='bbox 962 427 993 485; x_wconf 90' lang='lat' dir='ltr'><strong>et</strong></span> <span class='ocrx_word' id='word_1_9' title='bbox 1015 427 1185 504; x_wconf 86' lang='lat' dir='ltr'><strong>respective</strong></span> <span class='ocrx_word' id='word_1_10' title='bbox 1202 423 1314 487; x_wconf 83' lang='lat' dir='ltr'><strong>Catho-</strong></span> 
     </span>
     <span class='ocr_line' id='line_1_3' title="bbox 174 525 1313 608; baseline -0.004 -18"><span class='ocrx_word' id='word_1_11' title='bbox 174 529 241 591; x_wconf 87' lang='lat' dir='ltr'><strong>licis</strong></span> <span class='ocrx_word' id='word_1_12' title='bbox 263 533 351 591; x_wconf 91' lang='lat' dir='ltr'><strong>etiam</strong></span> <span class='ocrx_word' id='word_1_13' title='bbox 374 533 452 592; x_wconf 91' lang='lat' dir='ltr'><strong>intra</strong></span> <span class='ocrx_word' id='word_1_14' title='bbox 481 528 558 591; x_wconf 90' lang='lat' dir='ltr'><strong>lines</strong></span> <span class='ocrx_word' id='word_1_15' title='bbox 581 528 698 604; x_wconf 86' lang='lat' dir='ltr'><strong>ltaliae,</strong></span> <span class='ocrx_word' id='word_1_16' title='bbox 730 525 759 589; x_wconf 88' lang='lat' dir='ltr'><strong>S.</strong></span> <span class='ocrx_word' id='word_1_17' title='bbox 785 525 816 590; x_wconf 84' lang='lat' dir='ltr'><strong>G.</strong></span> <span class='ocrx_word' id='word_1_18' title='bbox 839 527 1009 608; x_wconf 77' lang='lat' dir='ltr'>respondit:</span> <span class='ocrx_word' id='word_1_19' title='bbox 1036 527 1195 606; x_wconf 79' lang='lat' dir='ltr'><strong>Nepctioe.</strong></span> <span class='ocrx_word' id='word_1_20' title='bbox 1219 563 1263 572; x_wconf 89' lang='lat'>-</span> <span class='ocrx_word' id='word_1_21' title='bbox 1287 528 1313 589; x_wconf 86' lang='lat' dir='ltr'><strong>St</strong></span> 
     </span>
     <span class='ocr_line' id='line_1_4' title="bbox 174 629 1315 716; baseline -0.003 -22"><span class='ocrx_word' id='word_1_22' title='bbox 174 650 259 716; x_wconf 88' lang='lat' dir='ltr'><strong>ergo,</strong></span> <span class='ocrx_word' id='word_1_23' title='bbox 282 632 332 695; x_wconf 92' lang='lat' dir='ltr'><strong>ubi</strong></span> <span class='ocrx_word' id='word_1_24' title='bbox 355 636 444 694; x_wconf 87' lang='lat' dir='ltr'><strong>etiam</strong></span> <span class='ocrx_word' id='word_1_25' title='bbox 467 636 575 695; x_wconf 87' lang='lat' dir='ltr'><strong>existat</strong></span> <span class='ocrx_word' id='word_1_26' title='bbox 597 629 743 713; x_wconf 76' lang='lat' dir='ltr'><strong>parochus</strong></span> <span class='ocrx_word' id='word_1_27' title='bbox 766 633 823 692; x_wconf 88' lang='lat' dir='ltr'><strong>rite</strong></span> <span class='ocrx_word' id='word_1_28' title='bbox 846 635 1018 708; x_wconf 89' lang='lat' dir='ltr'><strong>institutus,</strong></span> <span class='ocrx_word' id='word_1_29' title='bbox 1048 629 1191 692; x_wconf 88' lang='lat' dir='ltr'><strong>baeretici</strong></span> <span class='ocrx_word' id='word_1_30' title='bbox 1216 637 1315 692; x_wconf 88' lang='lat' dir='ltr'><strong>tamen</strong></span> 
     </span>
     <span class='ocr_line' id='line_1_5' title="bbox 174 731 1314 817; baseline 0 -21"><span class='ocrx_word' id='word_1_31' title='bbox 174 737 396 798; x_wconf 78' lang='lat' dir='ltr'><strong>matrimonium</strong></span> <span class='ocrx_word' id='word_1_32' title='bbox 419 733 631 798; x_wconf 65' lang='lat' dir='ltr'><strong>contrahentes</strong></span> <span class='ocrx_word' id='word_1_33' title='bbox 653 735 754 812; x_wconf 88' lang='lat' dir='ltr'><strong>illum,</strong></span> <span class='ocrx_word' id='word_1_34' title='bbox 778 737 820 794; x_wconf 91' lang='lat' dir='ltr'><strong>uti</strong></span> <span class='ocrx_word' id='word_1_35' title='bbox 844 731 1019 812; x_wconf 89' lang='lat' dir='ltr'><strong>parochum,</strong></span> <span class='ocrx_word' id='word_1_36' title='bbox 1045 751 1105 794; x_wconf 92' lang='lat' dir='ltr'><strong>non</strong></span> <span class='ocrx_word' id='word_1_37' title='bbox 1129 740 1314 817; x_wconf 87' lang='lat' dir='ltr'><strong>agnoscunt,</strong></span> 
     </span>
     <span class='ocr_line' id='line_1_6' title="bbox 173 835 1315 920; baseline -0.004 -19"><span class='ocrx_word' id='word_1_38' title='bbox 173 843 260 920; x_wconf 86' lang='lat' dir='ltr'><strong>sique</strong></span> <span class='ocrx_word' id='word_1_39' title='bbox 283 843 438 919; x_wconf 87' lang='lat' dir='ltr'><strong>praeterea</strong></span> <span class='ocrx_word' id='word_1_40' title='bbox 460 857 516 901; x_wconf 90' lang='lat' dir='ltr'><strong>nec</strong></span> <span class='ocrx_word' id='word_1_41' title='bbox 538 843 628 901; x_wconf 90' lang='lat' dir='ltr'><strong>etiam</strong></span> <span class='ocrx_word' id='word_1_42' title='bbox 648 842 713 918; x_wconf 86' lang='lat' dir='ltr'><strong>ipsc</strong></span> <span class='ocrx_word' id='word_1_43' title='bbox 728 835 875 918; x_wconf 86' lang='lat' dir='ltr'><strong>parochus</strong></span> <span class='ocrx_word' id='word_1_44' title='bbox 897 840 1040 898; x_wconf 78' lang='lat' dir='ltr'><strong>assistere</strong></span> <span class='ocrx_word' id='word_1_45' title='bbox 1061 836 1150 898; x_wconf 89' lang='lat' dir='ltr'><strong>debet</strong></span> <span class='ocrx_word' id='word_1_46' title='bbox 1173 839 1226 900; x_wconf 86' lang='lat' dir='ltr'><strong>tali</strong></span> <span class='ocrx_word' id='word_1_47' title='bbox 1250 856 1315 898; x_wconf 86' lang='lat' dir='ltr'><strong>ma-</strong></span> 
     </span>
     <span class='ocr_line' id='line_1_7' title="bbox 174 939 1363 1022; baseline -0.002 -20"><span class='ocrx_word' id='word_1_48' title='bbox 174 944 332 1019; x_wconf 90' lang='lat' dir='ltr'><strong>trimonio,</strong></span> <span class='ocrx_word' id='word_1_49' title='bbox 364 940 468 1004; x_wconf 81' lang='lat' dir='ltr'><strong>interni</strong></span> <span class='ocrx_word' id='word_1_50' title='bbox 498 957 552 1022; x_wconf 84' lang='lat' dir='ltr'><strong>per</strong></span> <span class='ocrx_word' id='word_1_51' title='bbox 578 940 698 1003; x_wconf 92' lang='lat' dir='ltr'><strong>modum</strong></span> <span class='ocrx_word' id='word_1_52' title='bbox 728 939 908 1021; x_wconf 78' lang='lat' dir='ltr'><strong>obJectionis</strong></span> <span class='ocrx_word' id='word_1_53' title='bbox 937 943 1055 1019; x_wconf 87' lang='lat' dir='ltr'><strong>posset,</strong></span> <span class='ocrx_word' id='word_1_54' title='bbox 1089 957 1193 1002; x_wconf 89' lang='lat' dir='ltr'><strong>casum</strong></span> <span class='ocrx_word' id='word_1_55' title='bbox 1223 943 1314 1001; x_wconf 87' lang='lat' dir='ltr'><strong>istum</strong></span> <span class='ocrx_word' id='word_1_56' title='bbox 1362 1007 1363 1014; x_wconf 36' lang='lat'><strong>,</strong></span> 
     </span>
     <span class='ocr_line' id='line_1_8' title="bbox 173 1040 1313 1128; baseline -0.003 -24"><span class='ocrx_word' id='word_1_57' title='bbox 173 1041 342 1128; x_wconf 70' lang='lat' dir='ltr'><strong>nordvideri</strong></span> <span class='ocrx_word' id='word_1_58' title='bbox 366 1043 584 1125; x_wconf 79' lang='lat' dir='ltr'><strong>discrepantem</strong></span> <span class='ocrx_word' id='word_1_59' title='bbox 602 1043 702 1121; x_wconf 91' lang='lat' dir='ltr'><strong>abeo,</strong></span> <span class='ocrx_word' id='word_1_60' title='bbox 725 1046 756 1104; x_wconf 91' lang='lat' dir='ltr'><strong>iu</strong></span> <span class='ocrx_word' id='word_1_61' title='bbox 781 1060 840 1123; x_wconf 86' lang='lat' dir='ltr'><strong>quo</strong></span> <span class='ocrx_word' id='word_1_62' title='bbox 857 1041 906 1103; x_wconf 85' lang='lat' dir='ltr'><strong>vel</strong></span> <span class='ocrx_word' id='word_1_63' title='bbox 921 1040 1067 1120; x_wconf 86' lang='lat' dir='ltr'><strong>parochus</strong></span> <span class='ocrx_word' id='word_1_64' title='bbox 1082 1047 1208 1104; x_wconf 87' lang='lat' dir='ltr'><strong>omniuo</strong></span> <span class='ocrx_word' id='word_1_65' title='bbox 1224 1042 1313 1118; x_wconf 87' lang='lat' dir='ltr'><strong>desit,</strong></span> 
     </span>
     <span class='ocr_line' id='line_1_9' title="bbox 173 1145 1315 1230; baseline -0.002 -22"><span class='ocrx_word' id='word_1_66' title='bbox 173 1147 221 1208; x_wconf 87' lang='lat' dir='ltr'><strong>vel</strong></span> <span class='ocrx_word' id='word_1_67' title='bbox 243 1146 282 1209; x_wconf 95' lang='lat' dir='ltr'><strong>ob</strong></span> <span class='ocrx_word' id='word_1_68' title='bbox 304 1147 370 1228; x_wconf 91' lang='lat' dir='ltr'><strong>ejus</strong></span> <span class='ocrx_word' id='word_1_69' title='bbox 392 1147 587 1211; x_wconf 78' lang='lat' dir='ltr'><strong>latitationem</strong></span> <span class='ocrx_word' id='word_1_70' title='bbox 611 1150 781 1230; x_wconf 80' lang='lat' dir='ltr'><strong>ignoretur,</strong></span> <span class='ocrx_word' id='word_1_71' title='bbox 812 1145 931 1206; x_wconf 86' lang='lat' dir='ltr'><strong>ubinam</strong></span> <span class='ocrx_word' id='word_1_72' title='bbox 954 1149 1008 1219; x_wconf 84' lang='lat' dir='ltr'><strong>sii3</strong></span> <span class='ocrx_word' id='word_1_73' title='bbox 1036 1148 1066 1206; x_wconf 90' lang='lat' dir='ltr'><strong>tn</strong></span> <span class='ocrx_word' id='word_1_74' title='bbox 1089 1145 1199 1226; x_wconf 84' lang='lat' dir='ltr'><strong>quibus</strong></span> <span class='ocrx_word' id='word_1_75' title='bbox 1223 1163 1315 1224; x_wconf 89' lang='lat' dir='ltr'><strong>porro</strong></span> 
     </span>
     <span class='ocr_line' id='line_1_10' title="bbox 174 1247 1315 1329; baseline -0.002 -19"><span class='ocrx_word' id='word_1_76' title='bbox 174 1251 311 1310; x_wconf 87' lang='lat' dir='ltr'><strong>terminis</strong></span> <span class='ocrx_word' id='word_1_77' title='bbox 334 1253 555 1312; x_wconf 86' lang='lat' dir='ltr'><strong>matrimonium</strong></span> <span class='ocrx_word' id='word_1_78' title='bbox 578 1253 645 1312; x_wconf 89' lang='lat' dir='ltr'><strong>sine</strong></span> <span class='ocrx_word' id='word_1_79' title='bbox 667 1247 787 1328; x_wconf 80' lang='lat' dir='ltr'><strong>parochi</strong></span> <span class='ocrx_word' id='word_1_80' title='bbox 811 1251 979 1329; x_wconf 87' lang='lat' dir='ltr'><strong>praeseutia</strong></span> <span class='ocrx_word' id='word_1_81' title='bbox 1002 1253 1189 1310; x_wconf 89' lang='lat' dir='ltr'><strong>contractum</strong></span> <span class='ocrx_word' id='word_1_82' title='bbox 1209 1248 1315 1310; x_wconf 88' lang='lat' dir='ltr'><strong>valere</strong></span> 
     </span>
     <span class='ocr_line' id='line_1_11' title="bbox 172 1349 1313 1433; baseline -0.003 -19"><span class='ocrx_word' id='word_1_83' title='bbox 172 1352 282 1414; x_wconf 91' lang='lat' dir='ltr'><strong>dictum</strong></span> <span class='ocrx_word' id='word_1_84' title='bbox 306 1357 393 1414; x_wconf 90' lang='lat' dir='ltr'><strong>antea</strong></span> <span class='ocrx_word' id='word_1_85' title='bbox 416 1358 479 1430; x_wconf 88' lang='lat' dir='ltr'><strong>est,</strong></span> <span class='ocrx_word' id='word_1_86' title='bbox 510 1355 579 1433; x_wconf 85' lang='lat' dir='ltr'><strong>quta</strong></span> <span class='ocrx_word' id='word_1_87' title='bbox 602 1352 717 1414; x_wconf 85' lang='lat' dir='ltr'><strong>scilieet</strong></span> <span class='ocrx_word' id='word_1_88' title='bbox 739 1357 770 1414; x_wconf 89' lang='lat' dir='ltr'><strong>in</strong></span> <span class='ocrx_word' id='word_1_89' title='bbox 794 1355 846 1428; x_wconf 89' lang='lat' dir='ltr'><strong>its,</strong></span> <span class='ocrx_word' id='word_1_90' title='bbox 879 1367 957 1431; x_wconf 88' lang='lat' dir='ltr'><strong>quae</strong></span> <span class='ocrx_word' id='word_1_91' title='bbox 979 1349 1060 1412; x_wconf 85' lang='lat' dir='ltr'><strong>luris</strong></span> <span class='ocrx_word' id='word_1_92' title='bbox 1083 1349 1205 1412; x_wconf 89' lang='lat' dir='ltr'><strong>humant</strong></span> <span class='ocrx_word' id='word_1_93' title='bbox 1232 1358 1313 1426; x_wconf 88' lang='lat' dir='ltr'><strong>sunt,</strong></span> 
     </span>
     <span class='ocr_line' id='line_1_12' title="bbox 172 1453 1313 1538; baseline -0.002 -22"><span class='ocrx_word' id='word_1_94' title='bbox 172 1471 293 1519; x_wconf 85' lang='lat' dir='ltr'><strong>cessare</strong></span> <span class='ocrx_word' id='word_1_95' title='bbox 315 1461 458 1516; x_wconf 86' lang='lat' dir='ltr'><strong>censetur</strong></span> <span class='ocrx_word' id='word_1_96' title='bbox 479 1455 624 1538; x_wconf 80' lang='lat' dir='ltr'><strong>obligatio</strong></span> <span class='ocrx_word' id='word_1_97' title='bbox 647 1453 788 1516; x_wconf 81' lang='lat' dir='ltr'><strong>servandi</strong></span> <span class='ocrx_word' id='word_1_98' title='bbox 806 1471 872 1514; x_wconf 87' lang='lat' dir='ltr'><strong>eam</strong></span> <span class='ocrx_word' id='word_1_99' title='bbox 896 1453 1005 1536; x_wconf 90' lang='lat' dir='ltr'><strong>legem,</strong></span> <span class='ocrx_word' id='word_1_100' title='bbox 1031 1471 1108 1534; x_wconf 89' lang='lat' dir='ltr'><strong>quae</strong></span> <span class='ocrx_word' id='word_1_101' title='bbox 1127 1459 1246 1516; x_wconf 87' lang='lat' dir='ltr'><strong>servari</strong></span> <span class='ocrx_word' id='word_1_102' title='bbox 1267 1455 1313 1514; x_wconf 88' lang='lat' dir='ltr'><strong>vel</strong></span> 
     </span>
     <span class='ocr_line' id='line_1_13' title="bbox 172 1553 1312 1640; baseline -0.002 -21"><span class='ocrx_word' id='word_1_103' title='bbox 172 1557 313 1640; x_wconf 78' lang='lat' dir='ltr'><strong>physice,</strong></span> <span class='ocrx_word' id='word_1_104' title='bbox 342 1557 390 1619; x_wconf 88' lang='lat' dir='ltr'><strong>vel</strong></span> <span class='ocrx_word' id='word_1_105' title='bbox 412 1557 566 1620; x_wconf 86' lang='lat' dir='ltr'><strong>moraliter</strong></span> <span class='ocrx_word' id='word_1_106' title='bbox 594 1575 653 1619; x_wconf 91' lang='lat' dir='ltr'><strong>uon</strong></span> <span class='ocrx_word' id='word_1_107' title='bbox 683 1561 785 1638; x_wconf 89' lang='lat' dir='ltr'><strong>possit.</strong></span> <span class='ocrx_word' id='word_1_108' title='bbox 830 1553 877 1617; x_wconf 80' lang='lat' dir='ltr'><strong>Ad</strong></span> <span class='ocrx_word' id='word_1_109' title='bbox 900 1555 979 1637; x_wconf 87' lang='lat' dir='ltr'><strong>quod</strong></span> <span class='ocrx_word' id='word_1_110' title='bbox 1011 1562 1109 1618; x_wconf 90' lang='lat' dir='ltr'><strong>tamen</strong></span> <span class='ocrx_word' id='word_1_111' title='bbox 1133 1557 1312 1637; x_wconf 90' lang='lat' dir='ltr'><strong>responderi</strong></span> 
     </span>
     <span class='ocr_line' id='line_1_14' title="bbox 172 1657 1313 1745; baseline -0.002 -21"><span class='ocrx_word' id='word_1_112' title='bbox 172 1669 283 1742; x_wconf 90' lang='lat' dir='ltr'><strong>posset,</strong></span> <span class='ocrx_word' id='word_1_113' title='bbox 306 1661 336 1723; x_wconf 94' lang='lat' dir='ltr'><strong>td</strong></span> <span class='ocrx_word' id='word_1_114' title='bbox 359 1678 428 1724; x_wconf 89' lang='lat' dir='ltr'><strong>esse</strong></span> <span class='ocrx_word' id='word_1_115' title='bbox 449 1660 688 1744; x_wconf 86' lang='lat' dir='ltr'><strong>intelligendum,</strong></span> <span class='ocrx_word' id='word_1_116' title='bbox 711 1660 761 1721; x_wconf 89' lang='lat' dir='ltr'><strong>ubi</strong></span> <span class='ocrx_word' id='word_1_117' title='bbox 777 1657 1022 1740; x_wconf 83' lang='lat' dir='ltr'><strong>impedimentum</strong></span> <span class='ocrx_word' id='word_1_118' title='bbox 1046 1660 1187 1722; x_wconf 89' lang='lat' dir='ltr'><strong>servandi</strong></span> <span class='ocrx_word' id='word_1_119' title='bbox 1212 1661 1313 1745; x_wconf 91' lang='lat' dir='ltr'><strong>legem</strong></span> 
     </span>
     <span class='ocr_line' id='line_1_15' title="bbox 171 1761 1313 1847; baseline -0.002 -21"><span class='ocrx_word' id='word_1_120' title='bbox 171 1765 291 1826; x_wconf 89' lang='lat' dir='ltr'><strong>aliunde</strong></span> <span class='ocrx_word' id='word_1_121' title='bbox 318 1768 493 1843; x_wconf 90' lang='lat' dir='ltr'><strong>proveniat,</strong></span> <span class='ocrx_word' id='word_1_122' title='bbox 522 1781 610 1843; x_wconf 87' lang='lat' dir='ltr'><strong>qoam</strong></span> <span class='ocrx_word' id='word_1_123' title='bbox 638 1780 678 1823; x_wconf 89' lang='lat' dir='ltr'><strong>ex</strong></span> <span class='ocrx_word' id='word_1_124' title='bbox 709 1761 801 1841; x_wconf 86' lang='lat' dir='ltr'><strong>culpo</strong></span> <span class='ocrx_word' id='word_1_125' title='bbox 832 1762 916 1842; x_wconf 88' lang='lat' dir='ltr'><strong>ejus,</strong></span> <span class='ocrx_word' id='word_1_126' title='bbox 947 1767 996 1842; x_wconf 89' lang='lat' dir='ltr'><strong>qui</strong></span> <span class='ocrx_word' id='word_1_127' title='bbox 1026 1762 1102 1845; x_wconf 90' lang='lat' dir='ltr'><strong>tegis</strong></span> <span class='ocrx_word' id='word_1_128' title='bbox 1124 1763 1313 1847; x_wconf 86' lang='lat' dir='ltr'><strong>obligatione</strong></span> 
     </span>
     <span class='ocr_line' id='line_1_16' title="bbox 171 1861 1365 1958; baseline -0.005 -24"><span class='ocrx_word' id='word_1_129' title='bbox 171 1871 382 1953; x_wconf 82' lang='lat' dir='ltr'><strong>obstringitur,</strong></span> <span class='ocrx_word' id='word_1_130' title='bbox 399 1883 436 1927; x_wconf 91' lang='lat' dir='ltr'><strong>ne</strong></span> <span class='ocrx_word' id='word_1_131' title='bbox 448 1866 579 1947; x_wconf 89' lang='lat' dir='ltr'><strong>alioquin</strong></span> <span class='ocrx_word' id='word_1_132' title='bbox 592 1865 677 1944; x_wconf 88' lang='lat' dir='ltr'><strong>culpa</strong></span> <span class='ocrx_word' id='word_1_133' title='bbox 693 1869 756 1946; x_wconf 88' lang='lat' dir='ltr'><strong>ipsa</strong></span> <span class='ocrx_word' id='word_1_134' title='bbox 773 1861 961 1926; x_wconf 88' lang='lat' dir='ltr'><strong>commodum</strong></span> <span class='ocrx_word' id='word_1_135' title='bbox 979 1863 1083 1928; x_wconf 84' lang='lat' dir='ltr'><strong>alterat</strong></span> <span class='ocrx_word' id='word_1_136' title='bbox 1098 1872 1312 1948; x_wconf 82' lang='lat' dir='ltr'><strong>exemptionis.</strong></span> <span class='ocrx_word' id='word_1_137' title='bbox 1364 1937 1365 1958; x_wconf 13' lang='grc' dir='ltr'>χ</span> 
     </span>
    </p>

    <p class='ocr_par' dir='ltr' id='par_1_3' title="bbox 168 1966 1314 2771">
     <span class='ocr_line' id='line_1_17' title="bbox 257 1966 1314 2048; baseline 0 -14"><span class='ocrx_word' id='word_1_138' title='bbox 257 1968 484 2035; x_wconf 80' lang='lat' dir='ltr'><strong>liecensendum</strong></span> <span class='ocrx_word' id='word_1_139' title='bbox 508 1968 597 2030; x_wconf 92' lang='lat' dir='ltr'><strong>modu</strong></span> <span class='ocrx_word' id='word_1_140' title='bbox 620 1973 727 2043; x_wconf 87' lang='lat' dir='ltr'><strong>restat,</strong></span> <span class='ocrx_word' id='word_1_141' title='bbox 760 1967 832 2048; x_wconf 83' lang='lat' dir='ltr'><strong>quid</strong></span> <span class='ocrx_word' id='word_1_142' title='bbox 857 1966 1029 2029; x_wconf 84' lang='lat' dir='ltr'><strong>haedere</strong></span> <span class='ocrx_word' id='word_1_143' title='bbox 1052 1967 1080 2032; x_wconf 92' lang='lat' dir='ltr'><strong>S.</strong></span> <span class='ocrx_word' id='word_1_144' title='bbox 1105 1969 1136 2032; x_wconf 87' lang='lat' dir='ltr'><strong>C.</strong></span> <span class='ocrx_word' id='word_1_145' title='bbox 1172 1977 1314 2034; x_wconf 86' lang='lat' dir='ltr'><strong>senserit.</strong></span> 
     </span>
     <span class='ocr_line' id='line_1_18' title="bbox 171 2070 1313 2155; baseline -0.005 -16"><span class='ocrx_word' id='word_1_146' title='bbox 171 2075 318 2152; x_wconf 83' lang='lat' dir='ltr'><strong>Primum,</strong></span> <span class='ocrx_word' id='word_1_147' title='bbox 348 2071 428 2155; x_wconf 90' lang='lat' dir='ltr'><strong>quod</strong></span> <span class='ocrx_word' id='word_1_148' title='bbox 450 2074 574 2152; x_wconf 88' lang='lat' dir='ltr'><strong>reperiri</strong></span> <span class='ocrx_word' id='word_1_149' title='bbox 598 2075 695 2152; x_wconf 89' lang='lat' dir='ltr'><strong>potuit</strong></span> <span class='ocrx_word' id='word_1_150' title='bbox 717 2071 894 2148; x_wconf 86' lang='lat' dir='ltr'><strong>Decretum,</strong></span> <span class='ocrx_word' id='word_1_151' title='bbox 922 2070 1107 2151; x_wconf 79' lang='lat' dir='ltr'><strong>proditique,</strong></span> <span class='ocrx_word' id='word_1_152' title='bbox 1141 2078 1174 2134; x_wconf 89' lang='lat' dir='ltr'><strong>ut</strong></span> <span class='ocrx_word' id='word_1_153' title='bbox 1205 2074 1313 2154; x_wconf 88' lang='lat' dir='ltr'><strong>conjici</strong></span> 
     </span>
     <span class='ocr_line' id='line_1_19' title="bbox 170 2173 1312 2259; baseline -0.004 -17"><span class='ocrx_word' id='word_1_154' title='bbox 170 2184 284 2259; x_wconf 91' lang='lat' dir='ltr'><strong>potest,</strong></span> <span class='ocrx_word' id='word_1_155' title='bbox 314 2181 475 2240; x_wconf 88' lang='lat' dir='ltr'><strong>occasione</strong></span> <span class='ocrx_word' id='word_1_156' title='bbox 497 2191 586 2237; x_wconf 89' lang='lat' dir='ltr'><strong>casus</strong></span> <span class='ocrx_word' id='word_1_157' title='bbox 614 2179 665 2255; x_wconf 88' lang='lat' dir='ltr'><strong>qui</strong></span> <span class='ocrx_word' id='word_1_158' title='bbox 696 2179 841 2235; x_wconf 85' lang='lat' dir='ltr'><strong>evenerat</strong></span> <span class='ocrx_word' id='word_1_159' title='bbox 867 2179 899 2235; x_wconf 86' lang='lat' dir='ltr'><strong>in</strong></span> <span class='ocrx_word' id='word_1_160' title='bbox 923 2173 1060 2236; x_wconf 87' lang='lat' dir='ltr'><strong>[tioeuesi</strong></span> <span class='ocrx_word' id='word_1_161' title='bbox 1083 2174 1312 2256; x_wconf 80' lang='lat' dir='ltr'><strong>hntverpiensi,</strong></span> 
     </span>
     <span class='ocr_line' id='line_1_20' title="bbox 168 2275 1311 2359; baseline -0.002 -17"><span class='ocrx_word' id='word_1_162' title='bbox 168 2279 216 2344; x_wconf 92' lang='lat' dir='ltr'><strong>his</strong></span> <span class='ocrx_word' id='word_1_163' title='bbox 237 2281 338 2344; x_wconf 84' lang='lat' dir='ltr'><strong>uerbis</strong></span> <span class='ocrx_word' id='word_1_164' title='bbox 360 2284 538 2358; x_wconf 89' lang='lat' dir='ltr'><strong>conceptum</strong></span> <span class='ocrx_word' id='word_1_165' title='bbox 558 2275 683 2359; x_wconf 89' lang='lat' dir='ltr'><strong>iegitur:</strong></span> <span class='ocrx_word' id='word_1_166' title='bbox 708 2275 907 2354; x_wconf 89' lang='lat' dir='ltr'><strong>„llaereticos</strong></span> <span class='ocrx_word' id='word_1_167' title='bbox 924 2295 1055 2359; x_wconf 83' lang='lat' dir='ltr'><strong>quoque,</strong></span> <span class='ocrx_word' id='word_1_168' title='bbox 1079 2277 1128 2341; x_wconf 89' lang='lat' dir='ltr'><strong>ubi</strong></span> <span class='ocrx_word' id='word_1_169' title='bbox 1147 2279 1311 2340; x_wconf 90' lang='lat' dir='ltr'><strong>Decretum</strong></span> 
     </span>
     <span class='ocr_line' id='line_1_21' title="bbox 170 2379 1312 2464; baseline -0.003 -19"><span class='ocrx_word' id='word_1_170' title='bbox 170 2383 240 2446; x_wconf 90' lang='lat' dir='ltr'><strong>dicti</strong></span> <span class='ocrx_word' id='word_1_171' title='bbox 264 2402 326 2464; x_wconf 90' lang='lat' dir='ltr'><strong>cap.</strong></span> <span class='ocrx_word' id='word_1_172' title='bbox 356 2382 368 2444; x_wconf 91' lang='lat' dir='ltr'><strong>l</strong></span> <span class='ocrx_word' id='word_1_173' title='bbox 393 2386 440 2443; x_wconf 91' lang='lat' dir='ltr'><strong>est</strong></span> <span class='ocrx_word' id='word_1_174' title='bbox 460 2379 659 2461; x_wconf 90' lang='lat' dir='ltr'><strong>publicatum,</strong></span> <span class='ocrx_word' id='word_1_175' title='bbox 682 2383 780 2442; x_wconf 91' lang='lat' dir='ltr'><strong>teneri</strong></span> <span class='ocrx_word' id='word_1_176' title='bbox 804 2381 892 2442; x_wconf 89' lang='lat' dir='ltr'><strong>talem</strong></span> <span class='ocrx_word' id='word_1_177' title='bbox 916 2381 1040 2443; x_wconf 91' lang='lat' dir='ltr'><strong>iormam</strong></span> <span class='ocrx_word' id='word_1_178' title='bbox 1065 2380 1254 2459; x_wconf 87' lang='lat' dir='ltr'><strong>observare,</strong></span> <span class='ocrx_word' id='word_1_179' title='bbox 1285 2388 1312 2442; x_wconf 91' lang='lat' dir='ltr'><strong>et</strong></span> 
     </span>
     <span class='ocr_line' id='line_1_22' title="bbox 168 2467 1311 2568; baseline -0.001 -20"><span class='ocrx_word' id='word_1_180' title='bbox 168 2467 325 2568; x_wconf 85' lang='lat' dir='ltr'><strong>propterea</strong></span> <span class='ocrx_word' id='word_1_181' title='bbox 342 2487 476 2565; x_wconf 89' lang='lat' dir='ltr'><strong>ipsorum</strong></span> <span class='ocrx_word' id='word_1_182' title='bbox 493 2485 582 2543; x_wconf 90' lang='lat' dir='ltr'><strong>etiam</strong></span> <span class='ocrx_word' id='word_1_183' title='bbox 602 2485 789 2545; x_wconf 88' lang='lat' dir='ltr'><strong>matrimonia</strong></span> <span class='ocrx_word' id='word_1_184' title='bbox 809 2483 921 2564; x_wconf 86' lang='lat' dir='ltr'><strong>absque</strong></span> <span class='ocrx_word' id='word_1_185' title='bbox 940 2483 1034 2546; x_wconf 86' lang='lat' dir='ltr'><strong>iornra</strong></span> <span class='ocrx_word' id='word_1_186' title='bbox 1046 2485 1182 2563; x_wconf 84' lang='lat' dir='ltr'><strong>Concilii,</strong></span> <span class='ocrx_word' id='word_1_187' title='bbox 1200 2503 1311 2566; x_wconf 89' lang='lat' dir='ltr'><strong>quam-</strong></span> 
     </span>
     <span class='ocr_line' id='line_1_23' title="bbox 168 2584 1309 2668; baseline -0.003 -17"><span class='ocrx_word' id='word_1_188' title='bbox 168 2594 215 2652; x_wconf 90' lang='lat' dir='ltr'><strong>vis</strong></span> <span class='ocrx_word' id='word_1_189' title='bbox 237 2605 339 2651; x_wconf 93' lang='lat' dir='ltr'><strong>coram</strong></span> <span class='ocrx_word' id='word_1_190' title='bbox 356 2591 493 2650; x_wconf 90' lang='lat' dir='ltr'><strong>ministro</strong></span> <span class='ocrx_word' id='word_1_191' title='bbox 509 2584 672 2661; x_wconf 89' lang='lat' dir='ltr'><strong>haeretico,</strong></span> <span class='ocrx_word' id='word_1_192' title='bbox 696 2585 746 2646; x_wconf 90' lang='lat' dir='ltr'><strong>vel</strong></span> <span class='ocrx_word' id='word_1_193' title='bbox 762 2590 936 2668; x_wconf 89' lang='lat' dir='ltr'><strong>magistratu</strong></span> <span class='ocrx_word' id='word_1_194' title='bbox 960 2587 1016 2648; x_wconf 87' lang='lat' dir='ltr'><strong>loct</strong></span> <span class='ocrx_word' id='word_1_195' title='bbox 1040 2593 1204 2664; x_wconf 89' lang='lat' dir='ltr'><strong>contracta,</strong></span> <span class='ocrx_word' id='word_1_196' title='bbox 1233 2587 1309 2649; x_wconf 91' lang='lat' dir='ltr'><strong>nulla</strong></span> 
     </span>
     <span class='ocr_line' id='line_1_24' title="bbox 168 2687 1307 2771; baseline 0.001 -20"><span class='ocrx_word' id='word_1_197' title='bbox 168 2709 235 2754; x_wconf 90' lang='lat' dir='ltr'><strong>esse</strong></span> <span class='ocrx_word' id='word_1_198' title='bbox 258 2697 348 2771; x_wconf 87' lang='lat' dir='ltr'><strong>atque</strong></span> <span class='ocrx_word' id='word_1_199' title='bbox 369 2689 496 2770; x_wconf 90' lang='lat' dir='ltr'><strong>idipsum</strong></span> <span class='ocrx_word' id='word_1_200' title='bbox 519 2687 645 2750; x_wconf 89' lang='lat' dir='ltr'><strong>habetur</strong></span> <span class='ocrx_word' id='word_1_201' title='bbox 666 2691 698 2748; x_wconf 86' lang='lat' dir='ltr'><strong>tn</strong></span> <span class='ocrx_word' id='word_1_202' title='bbox 721 2687 780 2752; x_wconf 91' lang='lat' dir='ltr'><strong>alic</strong></span> <span class='ocrx_word' id='word_1_203' title='bbox 802 2687 925 2751; x_wconf 90' lang='lat' dir='ltr'><strong>decreto</strong></span> <span class='ocrx_word' id='word_1_204' title='bbox 943 2688 1035 2751; x_wconf 87' lang='lat' dir='ltr'><strong>editio</strong></span> <span class='ocrx_word' id='word_1_205' title='bbox 1054 2689 1198 2752; x_wconf 65' lang='lat' dir='ltr'><strong>munii</strong></span> <span class='ocrx_word' id='word_1_206' title='bbox 1217 2687 1307 2754; x_wconf 80' lang='grc'>1621.</span> 
     </span>
    </p>

    <p class='ocr_par' dir='ltr' id='par_1_4' title="bbox 158 2789 1362 3805">
     <span class='ocr_line' id='line_1_25' title="bbox 253 2789 1307 2876; baseline -0.004 -20"><span class='ocrx_word' id='word_1_207' title='bbox 253 2791 293 2856; x_wconf 81' lang='lat' dir='ltr'><strong>Aa</strong></span> <span class='ocrx_word' id='word_1_208' title='bbox 313 2797 346 2854; x_wconf 93' lang='lat' dir='ltr'><strong>in</strong></span> <span class='ocrx_word' id='word_1_209' title='bbox 368 2809 473 2869; x_wconf 90' lang='lat' dir='ltr'><strong>causa,</strong></span> <span class='ocrx_word' id='word_1_210' title='bbox 504 2789 679 2854; x_wconf 88' lang='lat' dir='ltr'><strong>llollandiae</strong></span> <span class='ocrx_word' id='word_1_211' title='bbox 703 2796 828 2854; x_wconf 88' lang='lat' dir='ltr'><strong>matrim.</strong></span> <span class='ocrx_word' id='word_1_212' title='bbox 859 2789 911 2854; x_wconf 80' lang='lat'><strong>23.</strong></span> <span class='ocrx_word' id='word_1_213' title='bbox 934 2791 1062 2876; x_wconf 80' lang='lat' dir='ltr'><strong>August.</strong></span> <span class='ocrx_word' id='word_1_214' title='bbox 1089 2789 1190 2872; x_wconf 87' lang='grc'>1681,</span> <span class='ocrx_word' id='word_1_215' title='bbox 1226 2800 1258 2856; x_wconf 88' lang='lat' dir='ltr'><strong>et</strong></span> <span class='ocrx_word' id='word_1_216' title='bbox 1280 2798 1307 2854; x_wconf 89' lang='lat' dir='ltr'><strong>in</strong></span> 
     </span>
     <span class='ocr_line' id='line_1_26' title="bbox 167 2891 1307 2973; baseline -0.002 -13"><span class='ocrx_word' id='word_1_217' title='bbox 167 2896 373 2960; x_wconf 88' lang='lat' dir='ltr'><strong>Boscoduccn.</strong></span> <span class='ocrx_word' id='word_1_218' title='bbox 396 2899 523 2957; x_wconf 85' lang='lat' dir='ltr'><strong>matrim.</strong></span> <span class='ocrx_word' id='word_1_219' title='bbox 549 2891 596 2956; x_wconf 90' lang='grc'><strong>13.</strong></span> <span class='ocrx_word' id='word_1_220' title='bbox 619 2893 704 2956; x_wconf 85' lang='lat' dir='ltr'><strong>Febr.</strong></span> <span class='ocrx_word' id='word_1_221' title='bbox 732 2891 813 2958; x_wconf 86' lang='grc'>1683</span> <span class='ocrx_word' id='word_1_222' title='bbox 836 2893 941 2961; x_wconf 90' lang='lat' dir='ltr'><strong>eadem</strong></span> <span class='ocrx_word' id='word_1_223' title='bbox 965 2895 993 2958; x_wconf 92' lang='lat' dir='ltr'><strong>S.</strong></span> <span class='ocrx_word' id='word_1_224' title='bbox 1018 2894 1050 2956; x_wconf 82' lang='lat' dir='ltr'><strong>G.</strong></span> <span class='ocrx_word' id='word_1_225' title='bbox 1074 2901 1210 2973; x_wconf 87' lang='lat' dir='ltr'><strong>censuit,</strong></span> <span class='ocrx_word' id='word_1_226' title='bbox 1238 2897 1307 2958; x_wconf 90' lang='lat' dir='ltr'><strong>abs-</strong></span> 
     </span>
     <span class='ocr_line' id='line_1_27' title="bbox 166 2994 1306 3080; baseline 0 -18"><span class='ocrx_word' id='word_1_227' title='bbox 166 3000 320 3063; x_wconf 88' lang='lat' dir='ltr'><strong>tinendum</strong></span> <span class='ocrx_word' id='word_1_228' title='bbox 349 2998 387 3061; x_wconf 90' lang='lat' dir='ltr'><strong>ab</strong></span> <span class='ocrx_word' id='word_1_229' title='bbox 414 3015 557 3080; x_wconf 86' lang='lat' dir='ltr'><strong>expressa</strong></span> <span class='ocrx_word' id='word_1_230' title='bbox 580 2994 782 3073; x_wconf 87' lang='lat' dir='ltr'><strong>resolutione,</strong></span> <span class='ocrx_word' id='word_1_231' title='bbox 814 2997 867 3058; x_wconf 91' lang='lat' dir='ltr'><strong>sed</strong></span> <span class='ocrx_word' id='word_1_232' title='bbox 898 3001 1067 3078; x_wconf 89' lang='lat' dir='ltr'><strong>rescripsit:</strong></span> <span class='ocrx_word' id='word_1_233' title='bbox 1112 2997 1306 3076; x_wconf 83' lang='lat' dir='ltr'><strong>„secretario</strong></span> 
     </span>
     <span class='ocr_line' id='line_1_28' title="bbox 166 3097 1304 3180; baseline -0.004 -12"><span class='ocrx_word' id='word_1_234' title='bbox 166 3123 235 3168; x_wconf 94' lang='lat' dir='ltr'><strong>cum</strong></span> <span class='ocrx_word' id='word_1_235' title='bbox 257 3102 451 3167; x_wconf 81' lang='lat' dir='ltr'><strong>sanctissimo</strong></span> <span class='ocrx_word' id='word_1_236' title='bbox 480 3098 517 3162; x_wconf 93' lang='lat' dir='ltr'><strong>ad</strong></span> <span class='ocrx_word' id='word_1_237' title='bbox 547 3103 711 3160; x_wconf 88' lang='lat' dir='ltr'><strong>mentem.“</strong></span> <span class='ocrx_word' id='word_1_238' title='bbox 755 3097 794 3159; x_wconf 90' lang='lat' dir='ltr'><strong>Ut</strong></span> <span class='ocrx_word' id='word_1_239' title='bbox 822 3105 922 3162; x_wconf 90' lang='lat' dir='ltr'><strong>autem</strong></span> <span class='ocrx_word' id='word_1_240' title='bbox 954 3100 1083 3180; x_wconf 88' lang='lat' dir='ltr'><strong>explicat</strong></span> <span class='ocrx_word' id='word_1_241' title='bbox 1109 3099 1304 3165; x_wconf 85' lang='lat' dir='ltr'><strong>Eminentiss.</strong></span> 
     </span>
     <span class='ocr_line' id='line_1_29' title="bbox 165 3199 1362 3284; baseline -0.001 -15"><span class='ocrx_word' id='word_1_242' title='bbox 165 3208 268 3284; x_wconf 87' lang='lat' dir='ltr'><strong>Petra,</strong></span> <span class='ocrx_word' id='word_1_243' title='bbox 300 3209 386 3280; x_wconf 86' lang='lat' dir='ltr'><strong>(tom.</strong></span> <span class='ocrx_word' id='word_1_244' title='bbox 410 3201 439 3266; x_wconf 84' lang='grc'><strong>1.</strong></span> <span class='ocrx_word' id='word_1_245' title='bbox 464 3201 629 3264; x_wconf 84' lang='lat' dir='ltr'><strong>comment.</strong></span> <span class='ocrx_word' id='word_1_246' title='bbox 658 3201 696 3262; x_wconf 92' lang='lat' dir='ltr'><strong>ad</strong></span> <span class='ocrx_word' id='word_1_247' title='bbox 718 3199 818 3263; x_wconf 79' lang='lat' dir='ltr'><strong>Consi.</strong></span> <span class='ocrx_word' id='word_1_248' title='bbox 845 3201 893 3265; x_wconf 85' lang='lat'><strong>12.</strong></span> <span class='ocrx_word' id='word_1_249' title='bbox 928 3203 1035 3266; x_wconf 86' lang='lat' dir='ltr'><strong>icann.</strong></span> <span class='ocrx_word' id='word_1_250' title='bbox 1059 3201 1152 3264; x_wconf 90' lang='lat' dir='ltr'><strong>XXil.</strong></span> <span class='ocrx_word' id='word_1_251' title='bbox 1184 3223 1214 3265; x_wconf 89' lang='lat' dir='ltr'><strong>n.</strong></span> <span class='ocrx_word' id='word_1_252' title='bbox 1238 3204 1304 3284; x_wconf 82' lang='lat'><strong>23),</strong></span> <span class='ocrx_word' id='word_1_253' title='bbox 1356 3209 1362 3221; x_wconf 87' lang='grc'><strong><em>’</em></strong></span> 
     </span>
     <span class='ocr_line' id='line_1_30' title="bbox 165 3302 1304 3388; baseline -0.003 -14"><span class='ocrx_word' id='word_1_254' title='bbox 165 3311 314 3374; x_wconf 86' lang='lat' dir='ltr'><strong>sententia</strong></span> <span class='ocrx_word' id='word_1_255' title='bbox 337 3309 458 3384; x_wconf 84' lang='lat' dir='ltr'><strong>(mens)</strong></span> <span class='ocrx_word' id='word_1_256' title='bbox 480 3302 601 3387; x_wconf 89' lang='lat' dir='ltr'><strong>quidem</strong></span> <span class='ocrx_word' id='word_1_257' title='bbox 624 3321 727 3367; x_wconf 88' lang='lat' dir='ltr'><strong>sacrae</strong></span> <span class='ocrx_word' id='word_1_258' title='bbox 744 3302 996 3388; x_wconf 86' lang='lat' dir='ltr'><strong>Congregaiionis</strong></span> <span class='ocrx_word' id='word_1_259' title='bbox 1014 3311 1089 3385; x_wconf 88' lang='lat' dir='ltr'><strong>erat,</strong></span> <span class='ocrx_word' id='word_1_260' title='bbox 1111 3312 1304 3371; x_wconf 88' lang='lat' dir='ltr'><strong>matrimonia</strong></span> 
     </span>
     <span class='ocr_line' id='line_1_31' title="bbox 163 3404 1304 3482; baseline -0.002 -8"><span class='ocrx_word' id='word_1_261' title='bbox 163 3411 384 3477; x_wconf 92' lang='lat' dir='ltr'><strong>baereticorum</strong></span> <span class='ocrx_word' id='word_1_262' title='bbox 416 3423 483 3470; x_wconf 89' lang='lat' dir='ltr'><strong>curu</strong></span> <span class='ocrx_word' id='word_1_263' title='bbox 513 3404 675 3470; x_wconf 76' lang='lat' dir='ltr'><strong>Catholicis</strong></span> <span class='ocrx_word' id='word_1_264' title='bbox 683 3451 693 3482; x_wconf 91' lang='lat'><strong>,</strong></span> <span class='ocrx_word' id='word_1_265' title='bbox 726 3425 826 3469; x_wconf 87' lang='lat' dir='ltr'><strong>coram</strong></span> <span class='ocrx_word' id='word_1_266' title='bbox 857 3412 994 3478; x_wconf 84' lang='lat' dir='ltr'><strong>ministro</strong></span> <span class='ocrx_word' id='word_1_267' title='bbox 1025 3407 1178 3471; x_wconf 89' lang='lat' dir='ltr'><strong>haeretico</strong></span> <span class='ocrx_word' id='word_1_268' title='bbox 1206 3415 1246 3473; x_wconf 89' lang='lat' dir='ltr'><strong>iis</strong></span> <span class='ocrx_word' id='word_1_269' title='bbox 1275 3417 1304 3472; x_wconf 91' lang='lat' dir='ltr'><strong>in</strong></span> 
     </span>
     <span class='ocr_line' id='line_1_32' title="bbox 162 3507 1302 3596; baseline -0.001 -18"><span class='ocrx_word' id='word_1_270' title='bbox 162 3516 238 3579; x_wconf 88' lang='lat' dir='ltr'><strong>locis</strong></span> <span class='ocrx_word' id='word_1_271' title='bbox 261 3518 432 3590; x_wconf 90' lang='lat' dir='ltr'><strong>contracta,</strong></span> <span class='ocrx_word' id='word_1_272' title='bbox 456 3525 524 3572; x_wconf 89' lang='lat' dir='ltr'><strong>esse</strong></span> <span class='ocrx_word' id='word_1_273' title='bbox 546 3507 693 3584; x_wconf 89' lang='lat' dir='ltr'><strong>invalida;</strong></span> <span class='ocrx_word' id='word_1_274' title='bbox 721 3507 775 3570; x_wconf 85' lang='lat' dir='ltr'><strong>sed</strong></span> <span class='ocrx_word' id='word_1_275' title='bbox 798 3514 982 3573; x_wconf 89' lang='lat' dir='ltr'><strong>tamennon</strong></span> <span class='ocrx_word' id='word_1_276' title='bbox 1005 3511 1163 3591; x_wconf 87' lang='lat' dir='ltr'><strong>expedire,</strong></span> <span class='ocrx_word' id='word_1_277' title='bbox 1196 3511 1302 3596; x_wconf 86' lang='lat' dir='ltr'><strong>hujus·</strong></span> 
     </span>
     <span class='ocr_line' id='line_1_33' title="bbox 164 3609 1302 3696; baseline -0.004 -15"><span class='ocrx_word' id='word_1_278' title='bbox 164 3621 244 3684; x_wconf 91' lang='lat' dir='ltr'><strong>modi</strong></span> <span class='ocrx_word' id='word_1_279' title='bbox 267 3617 499 3680; x_wconf 87' lang='lat' dir='ltr'><strong>declarationem</strong></span> <span class='ocrx_word' id='word_1_280' title='bbox 528 3612 637 3691; x_wconf 88' lang='lat' dir='ltr'><strong>edere,</strong></span> <span class='ocrx_word' id='word_1_281' title='bbox 669 3627 708 3673; x_wconf 88' lang='lat' dir='ltr'><strong>ne</strong></span> <span class='ocrx_word' id='word_1_282' title='bbox 731 3609 873 3678; x_wconf 83' lang='lat' dir='ltr'><strong>Catholici</strong></span> <span class='ocrx_word' id='word_1_283' title='bbox 903 3617 1043 3676; x_wconf 90' lang='lat' dir='ltr'><strong>nimirum</strong></span> <span class='ocrx_word' id='word_1_284' title='bbox 1073 3614 1217 3696; x_wconf 88' lang='lat' dir='ltr'><strong>gravibus</strong></span> <span class='ocrx_word' id='word_1_285' title='bbox 1247 3616 1302 3679; x_wconf 90' lang='lat' dir='ltr'><strong>ob-</strong></span> 
     </span>
     <span class='ocr_line' id='line_1_34' title="bbox 158 3717 1296 3805; baseline -0.013 -20"><span class='ocrx_word' id='word_1_286' title='bbox 158 3723 328 3805; x_wconf 86' lang='lat' dir='ltr'><strong>jicerentur</strong></span> <span class='ocrx_word' id='word_1_287' title='bbox 350 3717 500 3799; x_wconf 79' lang='lat' dir='ltr'><strong>periculis,</strong></span> <span class='ocrx_word' id='word_1_288' title='bbox 1293 3787 1296 3796; x_wconf 14' lang='grc' dir='ltr'>ψ</span> 
     </span>
    </p>

    <p class='ocr_par' dir='ltr' id='par_1_5' title="bbox 160 3817 1300 4106">
     <span class='ocr_line' id='line_1_35' title="bbox 248 3817 1300 3904; baseline 0 -20"><span class='ocrx_word' id='word_1_289' title='bbox 248 3821 351 3904; x_wconf 80' lang='lat' dir='ltr'><strong>ltaque</strong></span> <span class='ocrx_word' id='word_1_290' title='bbox 372 3819 419 3882; x_wconf 88' lang='lat' dir='ltr'><strong>his</strong></span> <span class='ocrx_word' id='word_1_291' title='bbox 442 3817 588 3898; x_wconf 86' lang='lat' dir='ltr'><strong>exemplis</strong></span> <span class='ocrx_word' id='word_1_292' title='bbox 610 3817 770 3881; x_wconf 90' lang='lat' dir='ltr'><strong>inhaerens</strong></span> <span class='ocrx_word' id='word_1_293' title='bbox 789 3819 820 3883; x_wconf 88' lang='lat' dir='ltr'><strong>S.</strong></span> <span class='ocrx_word' id='word_1_294' title='bbox 834 3817 877 3898; x_wconf 81' lang='lat' dir='ltr'><strong>C,</strong></span> <span class='ocrx_word' id='word_1_295' title='bbox 902 3823 933 3881; x_wconf 92' lang='lat' dir='ltr'><strong>in</strong></span> <span class='ocrx_word' id='word_1_296' title='bbox 957 3819 1126 3887; x_wconf 72' lang='lat' dir='ltr'><strong>coloniens.</strong></span> <span class='ocrx_word' id='word_1_297' title='bbox 1149 3825 1300 3902; x_wconf 83' lang='lat' dir='ltr'><strong>proposita</strong></span> 
     </span>
     <span class='ocr_line' id='line_1_36' title="bbox 160 3919 1300 4002; baseline -0.007 -11"><span class='ocrx_word' id='word_1_298' title='bbox 160 3925 213 3991; x_wconf 76' lang='grc'><strong>21.</strong></span> <span class='ocrx_word' id='word_1_299' title='bbox 236 3925 367 3987; x_wconf 73' lang='lat' dir='ltr'><strong>lebna.</strong></span> <span class='ocrx_word' id='word_1_300' title='bbox 394 3919 486 4000; x_wconf 80' lang='lat'><strong>1728,</strong></span> <span class='ocrx_word' id='word_1_301' title='bbox 510 3937 578 3982; x_wconf 93' lang='lat' dir='ltr'><strong>cum</strong></span> <span class='ocrx_word' id='word_1_302' title='bbox 602 3921 711 3984; x_wconf 91' lang='lat' dir='ltr'><strong>mulier</strong></span> <span class='ocrx_word' id='word_1_303' title='bbox 732 3922 876 3984; x_wconf 88' lang='lat' dir='ltr'><strong>catholica</strong></span> <span class='ocrx_word' id='word_1_304' title='bbox 899 3927 1016 4002; x_wconf 86' lang='lat' dir='ltr'><strong>peteret</strong></span> <span class='ocrx_word' id='word_1_305' title='bbox 1037 3922 1183 3986; x_wconf 87' lang='lat' dir='ltr'><strong>declarari</strong></span> <span class='ocrx_word' id='word_1_306' title='bbox 1207 3924 1300 3986; x_wconf 87' lang='lat' dir='ltr'><strong>nulti-</strong></span> 
     </span>
     <span class='ocr_line' id='line_1_37' title="bbox 161 4022 1298 4106; baseline -0.004 -11"><span class='ocrx_word' id='word_1_307' title='bbox 161 4035 252 4097; x_wconf 90' lang='lat' dir='ltr'><strong>tatem</strong></span> <span class='ocrx_word' id='word_1_308' title='bbox 281 4027 480 4101; x_wconf 87' lang='lat' dir='ltr'><strong>matrimonii,</strong></span> <span class='ocrx_word' id='word_1_309' title='bbox 516 4022 596 4104; x_wconf 90' lang='lat' dir='ltr'><strong>quod</strong></span> <span class='ocrx_word' id='word_1_310' title='bbox 626 4039 660 4086; x_wconf 89' lang='lat' dir='ltr'><strong>ea</strong></span> <span class='ocrx_word' id='word_1_311' title='bbox 690 4024 804 4106; x_wconf 91' lang='lat' dir='ltr'><strong>pridem</strong></span> <span class='ocrx_word' id='word_1_312' title='bbox 834 4030 1023 4088; x_wconf 84' lang='lat' dir='ltr'><strong>contraxerat</strong></span> <span class='ocrx_word' id='word_1_313' title='bbox 1052 4045 1119 4089; x_wconf 89' lang='lat' dir='ltr'><strong>cunr</strong></span> <span class='ocrx_word' id='word_1_314' title='bbox 1147 4025 1298 4090; x_wconf 84' lang='lat' dir='ltr'><strong>haeretico</strong></span> 
     </span>
    </p>
   </div>
   <div class='ocr_carea' id='block_1_3' title="bbox 0 0 1372 4660">
    <p class='ocr_par' dir='ltr' id='par_1_6' title="bbox 0 0 1372 4660">
     <span class='ocr_line' id='line_1_38' title="bbox 0 0 1372 4660; baseline 0 3"><span class='ocrx_word' id='word_1_315' title='bbox 0 0 1372 4660; x_wconf 95' lang='lat' dir='ltr'><strong> </strong></span> 
     </span>
    </p>
   </div>
  </div>
 </body>
</html>
