2736 4660
176 207 242 278 3⁸0
572 224 876 284 carneo-unua

264 381 429 466 Loquendo
451 382 489 445 de
516 387 614 463 primo
637 387 771 448 criminis
799 383 1034 466 impedimento,
1063 381 1094 444 h.
1117 399 1144 444 e.
1172 380 1310 446 adulterio

178 490 465 566 compromissione
488 489 709 550 matrimonium
732 485 946 562 manutenet,
971 491 996 548 si
1019 484 1152 548 ioannes
1174 491 1206 547 et
1227 484 1312 548 Maria

165 591 312 675 ,ingenuo
345 589 502 652 admittunt
532 588 734 666 adulterium,
767 593 889 652 virente
922 588 1017 654 adhuc
1049 592 1142 668 prima
1176 589 1311 671 conjuge,

177 697 381 770 commissum,
405 697 435 752 et
456 696 635 774 interposito
653 693 830 776 juramento
849 691 1009 770 affirmant,
1035 695 1264 772 promissionem
1286 699 1313 750 et

56 873 62 882 ἢ
177 793 266 856 tidem
290 811 349 857 non
363 797 571 856 intercessisse
594 794 632 856 de
648 793 852 858 contrahendo
873 793 996 856 insimul
1012 798 1234 857 mutrimonium
1252 801 1313 874 post

177 903 304 960 mortem
328 901 446 970 uxoris,
472 913 532 958 non
556 897 692 974 videtur,
718 897 797 978 quod
820 897 876 960 atta
899 899 947 957 via
978 913 1138 976 superesse
1160 901 1257 977 possit
1278 895 1311 956 ed

178 997 315 1068 effectum
345 998 587 1078 demonstrandi,
616 997 697 1080 quod
727 1001 886 1078 promissio
914 1015 974 1060 non
1002 1002 1194 1078 intercessit,
1227 1004 1258 1058 et
1278 1015 1313 1059 eo

175 1101 293 1176 fortius,
317 1118 384 1164 curn
408 1101 488 1163 nnita
512 1101 608 1164 dictae
631 1105 840 1184 promissionis
863 1101 997 1182 probatio
1020 1100 1170 1164 atteratur.
1216 1099 1315 1181 Atque

176 1204 339 1286 posthaec
361 1219 532 1266 sermonem
556 1201 764 1267 transferendo
787 1203 825 1264 ed
845 1203 1009 1266 secundum
1028 1207 1162 1266 criminis
1185 1203 1315 1281 impedi·
1347 1226 1350 1235 t

176 1313 327 1385 mentum,
351 1305 406 1368 hoc
429 1311 491 1385 est,
520 1307 557 1368 ad
581 1307 829 1370 machinationem
859 1309 890 1366 in
920 1311 1047 1368 mortem
1078 1307 1219 1388 conjugis
1250 1324 1313 1366 curn

176 1410 334 1489 adulterio,
359 1415 389 1470 ei
411 1407 632 1488 animadverso,
655 1407 735 1490 quod
758 1407 852 1471 Sedes
876 1407 1049 1488 Apostolica
1074 1425 1136 1472 non
1157 1413 1314 1471 consuevit

175 1531 267 1595 super
297 1513 354 1576 troc
380 1511 594 1592 impedimento
623 1511 815 1592 dispensare,
844 1515 965 1593 quoties
989 1511 1059 1574 titud
1082 1511 1236 1592 pubiicum
1265 1516 1310 1584 sit,

175 1621 278 1679 stricte
306 1615 517 1698 inquirendum
547 1620 609 1692 est,
639 1631 676 1676 nn
699 1607 966 1696 supracrpressum
997 1613 1074 1676 adsit
1095 1619 1127 1676 in
1157 1633 1232 1676 casu
1255 1617 1313 1675 im-

176 1717 386 1798 pedimentum

262 1820 434 1884 Communis
456 1839 524 1882 esse
546 1821 664 1882 videtur
686 1824 803 1902 opinio,
828 1819 923 1900 quod,
948 1827 978 1882 ut
1002 1807 1159 1882 inducetur
1182 1819 1314 1900 impedi-

175 1929 308 1998 mentum
325 1923 494 2004 impediens
511 1931 540 1984 et
553 1922 697 1984 dirimens
713 1927 932 1984 matrimonium
951 1924 995 1986 ob*
1009 1923 1209 1988 uxoricidium
1227 1923 1314 1985 simui

175 2039 242 2086 curn
265 2024 423 2104 aduiterio,
447 2041 573 2089 necesse
595 2029 652 2102 est,
675 2023 754 2106 quod
778 2029 890 2087 occisio
912 2023 987 2090 ducta
1007 2025 1097 2088 inerit
1119 2029 1222 2088 animo
1240 2041 1315 2087 eun·

175 2125 311 2188 trahendi
335 2132 553 2191 matrimonium
573 2145 641 2189 cum
665 2127 810 2209 comptius
828 2130 876 2190 vei
896 2133 1066 2205 occisionis,
1092 2129 1140 2188 vei
1156 2128 1315 2202 aduiterii;

174 2227 264 2310 idque
287 2229 373 2308 iacit,
398 2237 447 2306 ut,
476 2227 724 2292 siuxoricidium
748 2247 787 2292 ex
809 2231 867 2292 atie
889 2246 979 2294 causa
1010 2231 1189 2310 descendat,
1223 2249 1315 2312 prae·

175 2331 285 2394 dictum
297 2333 543 2413 impedimentum
559 2349 618 2396 nnn
632 2331 723 2410 edsit3
740 2352 867 2416 cumque
881 2333 919 2396 de
932 2333 987 2396 huc
999 2337 1167 2395 intentione
1178 2337 1210 2395 in
1225 2352 1316 2413 pree-

174 2439 255 2498 senti
269 2453 369 2500 rerum
384 2441 464 2501 stain
480 2453 540 2498 non
554 2441 681 2512 constet,
699 2437 863 2516 sedpctius
882 2441 1000 2498 constet
1011 2441 1194 2499 occisionem
1209 2441 1314 2498 uxoris

173 2555 292 2602 causam
315 2537 455 2603 habuisse
474 2537 512 2602 ab
536 2537 682 2602 adulterio
702 2553 755 2618 per
774 2556 843 2600 eam
864 2543 1035 2618 commisso,
1059 2540 1199 2602 conciudt
1225 2555 1315 2620 pesse

173 2641 301 2723 videtur,
314 2644 424 2706 deesse
432 2641 677 2723 impedimentum
690 2641 857 2724 impediens
874 2647 903 2702 et
917 2641 1061 2704 dirimens
1079 2648 1313 2706 rnutrimonium.

262 2745 336 2818 Onia
358 2757 432 2808 vero
456 2742 592 2808 Senchez
618 2742 706 2808 docet
736 2741 784 2808 lib.
809 2743 838 2807 7.
867 2743 943 2826 disp.
967 2743 1016 2808 i8.
1041 2763 1070 2808 n,
1100 2743 1144 2808 t9.
1176 2746 1263 2828 quod
1286 2752 1315 2807 in

174 2845 241 2910 toro
271 2849 347 2928 tori,
380 2847 525 2932 quidquid
552 2852 591 2910 stt
620 2847 658 2908 de
687 2847 754 2910 toro
782 2851 1001 2926 conscientiae,
1035 2847 1155 2929 quund‘e
1187 2855 1316 2912 maritus

173 2961 298 3012 uxerem
321 2951 473 3029 interficit,
498 2957 529 3012 et
550 2949 727 3012 conuehere
745 2948 808 3011 ruit
831 2952 1053 3012 matrimonium
1075 2967 1143 3012 oum
1160 2950 1315 3031 adnitere,

172 3057 381 3134 praesumitur,
405 3053 489 3135 qood
507 3053 695 3116 interfecerit
709 3055 819 3131 animo,
844 3055 878 3112 et
893 3055 1060 3115 intentione
1083 3070 1148 3114 carn
1172 3057 1204 3115 in
1231 3071 1315 3116 uxo-

170 3169 234 3216 rem
258 3153 404 3236 ducendi,
435 3157 576 3238 idemque
598 3153 736 3219 Saucncz·
761 3153 837 3216 lianc
866 3170 951 3218 suam
975 3153 1080 3218 iimitat
1107 3161 1313 3221 assertionem

169 3262 385 3322 insererem
408 3265 503 3340 statu,
533 3264 569 3322 in
587 3277 647 3341 quo
670 3275 710 3320 err
738 3261 855 3341 mugnis
884 3259 1066 3340 conjecturis
1094 3265 1253 3323 constaret
1276 3261 1313 3322 de

171 3363 315 3444 opposita·
330 3365 514 3440 intentione,
538 3413 544 3426 .
569 3411 577 3426 .
601 3413 607 3426 .
631 3361 743 3446 indago
766 3364 906 3423 restricta¹
920 3359 1043 3423 ridetur
1063 3361 1101 3424 ad
1123 3361 1181 3425 heo
1205 3378 1310 3432 oraim,

170 3477 212 3527 un
231 3470 437 3546 praesumptio·
455 3465 634 3548 supradicte,
657 3481 735 3546 quae
757 3481 817 3525 non
840 3469 887 3526 est
904 3463 992 3544 juris,
1017 3464 1107 3526 etde
1124 3467 1208 3546 jure,
1235 3467 1311 3530 sub-

170 3567 230 3631 late*
245 3569 310 3630 diei*
322 3569 420 3633 natent
438 3587 455 3632 a
474 3572 655 3630 sententiaa
674 3567 777 3649 judice
795 3562 920 3647 proihtu,
942 3569 974 3626 in
995 3584 1054 3646 que
1067 3567 1224 3632 Joannern
1236 3577 1311 3633 sune

171 3675 275 3735 uxoris
306 3676 489 3734 occisionem
518 3669 663 3747 absolvit,
696 3687 735 3732 ex
762 3685 822 3750 quo
849 3673 887 3732 tn·
908 3668 1136 3734 defensionibus
1164 3673 1310 3748 ostendit,

169 3773 250 3854 qnod
274 3773 451 3838 adulterium
474 3773 574 3838 fuerat
594 3773 632 3836 ab
654 3790 750 3836 uxore
763 3777 967 3852 commissum,
990 3776 1020 3836 iu
1043 3769 1091 3835 his
1108 3779 1222 3857 quippe
1245 3781 1310 3838 cir-

170 3881 357 3940 constantiis
379 3876 570 3942 homicidium
586 3875 705 3940 videtur
729 3893 789 3939 non
806 3873 997 3938 referendum
1020 3875 1056 3938 ad
1076 3882 1209 3941 animum
1229 3897 1310 3942 con-

172 3977 316 4042 trahendi·
329 3991 446 4044 neruin·
462 3979 695 4058 matrimonium,
719 3977 773 4042 ssd
795 3977 843 4042 ad*
854 3977 1063 4042 uteiecmoam
1076 3981 1228 4063 iujuriam
