2758 4664
155 155 231 229 202'
522 181 565 233 ’os
582 177 671 232 causas
688 179 918 232 matrimonialibus.

243 333 277 401 ll.
301 336 359 400 Sed
392 338 570 420 perdifficile
601 344 667 417 est,
694 341 829 418 praecise
858 343 1009 415 statuere,
1040 337 1119 399 unde
1149 342 1289 421 cognosci

156 445 262 523 possit,
286 441 382 522 qualis
404 461 492 505 eausa
516 447 555 505 sit
572 444 666 524 jusla3
689 444 856 524 generatim
881 445 979 502 tamen
1004 441 1059 503 boe
1082 441 1184 503 dicere
1203 440 1289 502 lieet:

191 541 223 619 1)
247 550 361 606 eertum
385 552 441 625 est,
460 547 572 628 justam
596 563 664 608 esse
686 563 753 606 eam
777 561 908 620 eausam,
931 563 969 606 ex
992 563 1049 625 qua
1072 549 1213 625 superior
1227 550 1290 625 ipse

243 647 419 727 dispensare
441 650 518 712 solet
525 669 534 724 ;

184 749 220 827 2)
242 769 342 830 eausa,
366 769 442 832 quae
464 753 579 814 directe
601 751 636 813 ad
659 752 770 814 bonum
794 751 1106 830 communerelortur,
1130 755 1202 833 quin
1221 754 1290 811 uni-

243 859 352 935 cuique
375 854 412 916 ad
435 855 536 938 legum
560 855 753 916 violationem
777 859 854 916 viam
878 858 1001 935 aperiat,
1028 855 1142 916 facilius
1157 854 1291 916 admitti-

246 965 302 1035 tur,
328 961 396 1039 quia
420 962 450 1019 in
472 958 528 1020 boc
550 977 621 1021 easu
636 959 817 1040 dispensatio
829 962 926 1019 minus
936 965 1061 1020 enervat
1073 963 1131 1019 vim
1145 953 1290 1040 legum.¹)

191 1059 227 1134 3)
246 1061 279 1124 'Si
303 1079 394 1123 causa
417 1060 530 1122 directe
553 1061 684 1122 retertur
706 1059 742 1123 ad
766 1060 883 1133 bimum¹
899 1065 1033 1140 privatae
1056 1079 1214 1140 personae,
1237 1060 1291 1121 lroe

243 1163 375 1240 bonum,
410 1163 489 1244 quod
512 1183 551 1224 ex
574 1164 797 1246 dispensatione
820 1167 977 1246 provenit,
1008 1168 1080 1224 tenti
1112 1163 1202 1225 debet
1225 1181 1291 1223 esse

244 1270 397 1342 momenti,
420 1271 452 1327 ut
474 1267 580 1328 saltem
604 1266 751 1328 indirecte
774 1265 921 1327 redundet
943 1269 973 1326 in
996 1266 1106 1328 bonum
1122 1283 1291 1340 commune,

246 1388 282 1433 ao
303 1368 359 1430 hoe
382 1369 470 1432 modo
493 1370 652 1449 damnum,
676 1369 754 1450 quod
777 1369 952 1450 plerumque
975 1369 1120 1432 relaxatio
1144 1369 1221 1453 legis
1243 1373 1294 1429 in-

244 1471 302 1534 fert
325 1477 541 1551 communitati,
565 1474 752 1552 aliquatenus
775 1479 985 1555 compensetur
995 1470 1022 1548 ²)

243 1575 294 1637 lll.
317 1575 370 1636 lle
390 1580 483 1654 porte
501 1579 635 1655 petentis
657 1576 693 1637 ad
716 1577 898 1639 validitatem
913 1575 1142 1658 dispensationis
1158 1579 1291 1656 requiri-

158 1683 226 1756 tur,
257 1678 391 1739 utnulla
414 1681 504 1740 sitin
526 1683 670 1759 petitione
700 1680 836 1762 obreptio
858 1687 907 1742 aut
929 1681 1082 1760 subreptio
1106 1681 1292 1751 essentialis,

156 1795 212 1841 seu
234 1795 311 1861 quae
334 1779 419 1842 eadat
440 1785 472 1841 in
495 1799 615 1845 oausam
638 1786 797 1862 motivum,
829 1789 897 1866 quia
926 1787 1064 1863 superior
1087 1803 1146 1846 non
1168 1785 1296 1864 dispen-

159 1886 223 1961 sat,
248 1887 305 1946 nisi
329 1883 385 1944 sub
406 1889 493 1947 tacita
516 1886 706 1964 conditione,
737 1887 871 1948 seilieet:
896 1887 949 1964 „Si
974 1905 1079 1967 preces
1102 1891 1220 1948 veritati
1245 1889 1296 1946 ni-

159 1983 333 2062 tantur.“·³)
356 1983 929 2072 Lieetautempeteredispensntionem,
947 1995 1180 2071 quamviscausa
1196 1989 1296 2050 sitdu·

157 2087 216 2163 bia,
238 2093 308 2170 qula
332 2109 391 2153 non
415 2098 542 2172 pertinet
565 2094 602 2155 ad
624 2094 759 2155 subditos
781 2092 819 2153 de
838 2095 1017 2155 suldoientia
1028 2111 1137 2156 causae
1145 2093 1296 2173 judicare,

139 2189 212 2252 'sed
235 2195 351 2254 tammum
375 2211 438 2257 rem
461 2200 580 2258 sineere
603 2213 774 2278 exponere3
797 2201 869 2258 item
894 2199 972 2276 lieet,
996 2197 1222 2276 dispensatione
1247 2202 1297 2256 ta-

158 2293 231 2356 liter
250 2296 370 2359 obtenta
394 2303 447 2378 uti,
472 2300 569 2362 donee
591 2303 752 2384 probetur,
777 2299 996 2381 dispensantem
1022 2317 1081 2362 non
1106 2305 1219 2360 tantum
1244 2315 1300 2358 er-

159 2415 265 2478 ronee,
289 2401 343 2463 sed
367 2402 441 2464 mala
466 2403 524 2466 lide
545 2410 576 2466 in
600 2403 801 2486 dispensando
825 2399 972 2487 egisse.⁴)

158 2621 364 2634 Μ

180 2735 205 2820 ’1)
224 2755 335 2808 Sanehez
353 2757 397 2810 lib.
416 2760 440 2809 8.
458 2759 520 2828 disp.
543 2760 582 2812 19.
601 2777 626 2812 n.
647 2761 669 2811 1.

183 2843 206 2910 ²)
225 2841 322 2896 conicit.
345 2843 410 2896 Trid.
438 2861 500 2898 sess.
523 2847 564 2897 25.
588 2845 620 2896 de
648 2847 748 2897 nelorm.
775 2863 795 2896 e.
821 2845 845 2897 8.
881 2843 978 2907 „Sicuti
998 2845 1097 2911 publice
1116 2842 1217 2908 expedit
1234 2841 1302 2910 legis

230 2929 357 2981 vinculum
377 2931 527 3000 quandoque
551 2931 678 2994 relaxare,
703 2939 731 2983 ul
753 2931 868 2999 plenius,
895 2929 1067 2982 evenientibus
1086 2929 1187 2980 essibus
1206 2937 1232 2979 et
1251 2943 1302 2978 ms·

182 3035 185 3044 ’
230 3016 397 3080 suavitatibus,
413 3033 460 3084 pso
477 3019 740 3072 communiendum
756 3023 817 3071 satis
835 3021 893 3080 liat,
911 3021 949 3069 sie
966 3019 1123 3087 trequentius
1141 3016 1225 3084 legem
1245 3015 1301 3066 sol-

183 3125 186 3134 ·
230 3117 303 3161 vere,
331 3103 493 3172 eeempiopsss
517 3107 614 3171 potius,
640 3121 715 3174 quem
738 3113 809 3158 certo
835 3120 1005 3172 personarum
1028 3118 1165 3172 serumque
1187 3101 1301 3160 delectu,

231 3185 373 3261 petentibus
382 3187 514 3258 indulgere
531 3187 593 3242 nihil
613 3192 681 3244 aliud
699 3200 744 3254 est,
764 3207 839 3262 quarn
859 3192 991 3258 unicuique
1008 3188 1041 3240 ad
1059 3190 1128 3262 leges
1140 3188 1304 3258 transgredi-

181 3346 184 3355 Ι
219 3273 309 3336 ,οηόειε
327 3273 420 3323 aditum
440 3277 546 3342 aperire.
571 3275 730 3346 Quapropter
747 3279 829 3327 seiani
846 3278 966 3338 universi,
984 3279 1166 3328 sacratissimos
1185 3291 1303 3328 canones

230 3369 318 3412 exacte
337 3357 369 3410 eb
387 3361 517 3426 erunibus,
537 3373 562 3414 et
580 3364 663 3434 quoad
681 3363 736 3428 ejus
756 3362 809 3413 lieri
828 3364 935 3429 poterit,
954 3359 1097 3414 indistinete
1115 3361 1302 3414 observandos.

205 3437 208 3459 ³
230 3443 326 3511 Quodsi
349 3447 442 3512 trrgerm
462 3446 581 3518 justaque
607 3453 670 3502 ratio
695 3459 720 3501 et
745 3446 824 3512 majos
842 3447 994 3518 quandoque
1012 3447 1105 3499 utilitas
1124 3445 1304 3513 postulaverit,

231 3551 288 3586 eum
308 3531 431 3600 aliquibus
449 3533 647 3600 dispensandum
666 3555 731 3600 esse,
749 3537 784 3599 id,
801 3549 879 3588 eausa
897 3537 1005 3603 cognita,
1024 3551 1054 3585 ao
1072 3547 1170 3586 summa
1190 3535 1303 3584 maturri-

230 3627 297 3680 late,
324 3626 400 3686 atque
417 3622 494 3687 gratis
512 3637 527 3671 a
544 3622 750 3691 qualibuscunque,
777 3623 808 3674 ad
827 3637 890 3692 quos
909 3621 1061 3686 dispensatio
1080 3619 1233 3686 pertinebit,
1252 3622 1304 3671 erit

231 3704 418 3775 praestandum,
438 3706 560 3778 aliterque
578 3709 642 3762 leste
662 3710 818 3778 dispensatio
835 3707 982 3776 subreptitia
1000 3711 1159 3759 censeantur.⁴i

185 3795 208 3862 ³)
227 3792 305 3860 Gury.
325 3792 382 3844 121.
417 3793 442 3845 S.
460 3792 511 3862 tog.
531 3811 555 3845 u.
576 3795 632 3846 185.
1104 3813 1107 3820 ⁴

186 3881 210 3950 ⁴)
228 3878 341 3936 sanctes
359 3877 402 3934 lib.
418 3880 443 3942 5,
462 3878 525 3950 disp.
545 3879 584 3932 li.
603 3889 627 3932 ei
645 3881 670 3935 9.
