2736 4660
503 187 583 242 Casus
602 187 808 240 matrimoniales.
1153 165 1215 234 377

164 349 218 412 llis
241 348 407 424 stantibus,
439 345 476 410 ad
498 347 587 409 dubia
623 343 657 418 1)
680 363 718 408 an
741 361 798 407 con
815 349 859 406 tet
881 337 918 406 de
949 343 1153 425 sponsalibus,
1187 347 1218 406 ot

74 457 227 532 quatenus
238 448 427 528 affirmative,
446 445 771 529 ambianensis
787 446 942 530 cogendus
955 451 985 508 in
997 465 1077 510 casu.
1101 445 1129 510 S.
1141 445 1172 510 C.
1184 445 1216 509 (ἶ.

72 573 158 636 resp.
182 554 231 616 die
253 553 303 619 23.
328 555 407 638 Aug.
434 547 533 620 1721:
563 551 781 634 „Aopnmum
806 553 962 636 negative3
991 550 1029 614 ad
1051 547 1215 613 secundum

71 661 150 720 satis
174 661 325 738 provisum
347 663 380 721 in
402 654 568 740 primo“¹).

505 903 528 965 O
541 923 558 966 a
570 919 585 966 s
597 921 617 966 u
631 921 646 965 s
675 901 789 965 xlvii.

544 1054 738 1130 sponsalia.

163 1215 297 1278 instante
313 1213 575 1300 AgneteAvossa,
600 1213 686 1276 Curia
702 1211 841 1294 Archiep,
866 1210 987 1294 Neapol.
1013 1211 1067 1272 sub
1091 1211 1215 1272 obtentu

70 1319 321 1400 praecedentium
352 1318 533 1398 sponsalium
563 1337 580 1378 a
609 1313 768 1378 Dominico
798 1313 938 1376 Celsiano
966 1332 1033 1374 cum
1067 1311 1215 1392 praedicta
1282 1355 1286 1361 -

18 1415 23 1422 ’
67 1423 196 1506 Agneie
219 1428 450 1499 contractorum,
475 1417 618 1498 decrevit,
643 1417 724 1499 quod
746 1418 826 1478 idem
851 1415 1024 1480 Dominicus
1048 1419 1123 1478 intra
1147 1422 1215 1478 ter-

71 1530 189 1586 minum
213 1523 329 1584 dierum
353 1523 493 1601 duorum,
519 1521 574 1584 sub
598 1540 693 1602 poena
717 1519 1058 1598 Excomrnunicationis,
1090 1523 1214 1582 contra-

68 1627 146 1690 bere
171 1627 295 1688 deberet
317 1629 538 1689 matrimonium
562 1643 628 1686 cum
653 1630 814 1686 memorata
836 1623 957 1706 Agnete
982 1625 988 1686 ζ
1013 1675 1019 1686 .
1045 1671 1051 1684 .

164 1729 267 1804 Quoad
290 1729 437 1811 sponsalia
461 1727 635 1790 Douninicus
658 1727 813 1788 contendit
843 1727 881 1788 de
904 1713 963 1789 litis
994 1731 1131 1810 rigorose
1154 1743 1215 1788 non

72 1841 229 1912 constare,
253 1851 320 1894 cum
344 1832 381 1894 de
404 1833 534 1894 essentia
558 1829 741 1912 sponsalium
759 1835 798 1892 sit
820 1831 961 1909 libertas,
986 1835 1015 1891 et
1038 1829 1160 1892 libertas
1181 1833 1214 1889 in

72 1955 149 1998 casu
172 1935 310 2014 deluerit,
335 1953 373 1994 ex
396 1953 455 2015 quo
479 1937 615 2013 promisit
637 1922 755 2012 quidem
783 1937 815 1994 in
838 1951 964 1996 uxorem
982 1933 1091 1996 ducere
1106 1932 1214 2015 Agne-

77 2047 153 2116 tem,
177 2037 229 2099 sed
252 2043 390 2115 instante,
415 2041 445 2098 et
460 2041 579 2099 'armata
603 2055 690 2098 manu
709 2039 909 2098 comminante
929 2035 1059 2112 Andrea,
1085 2033 1214 2118 Agnetis

76 2146 229 2226 genitore,
253 2145 303 2224 qui
327 2159 392 2202 cam
417 2157 484 2202 cum
508 2126 575 2218 ipso
597 2139 769 2220 loquentem
791 2124 916 2203 invenit.

162 2242 359 2305 Transeundo
382 2242 418 2304 ad
441 2245 646 2320 coactionem,
680 2245 827 2322 quatenus
856 2243 894 2304 de
925 2243 1114 2323 sponsalibus
1137 2259 1215 2313 con-

72 2353 179 2424 staret,
201 2340 378 2407 'Dourinicus
400 2349 451 2423 aii,
475 2361 535 2408 non
557 2362 647 2426 posse
670 2362 738 2407 esso
761 2346 858 2408 locum
883 2351 1040 2417 coactioni,
1064 2363 1131 2407 cum
1156 2345 1213 2408 ad-

72 2453 137 2512 sint
161 2467 268 2510 causae
291 2447 451 2510 recedendi
474 2467 492 2510 a
521 2447 725 2528 sponsalibus,
756 2447 913 2530 disparitas
936 2449 1075 2511 videlicet
1103 2447 1212 2511 condi-

72 2557 165 2614 tionis
187 2557 266 2612 inter
288 2553 395 2630 ipsum,
421 2555 450 2610 et
473 2549 636 2632 Agnetem,
658 2549 834 2612 inhonestas
862 2551 997 2633 ejusdem
1021 2551 1158 2635 Agnetis,
1184 2557 1214 2612 et

74 2658 231 2718 inimicitia
264 2659 343 2717 inter
370 2657 468 2734 ipsum
500 2660 530 2714 et
551 2654 721 2736 Agnetem,
756 2659 859 2716 exorta
889 2661 1013 2736 propter
1042 2654 1213 2736 quaerelam

73 2761 169 2838 stupri
193 2756 229 2820 ab
252 2759 315 2838 ipsa
340 2757 448 2835 datam,
473 2761 503 2817 et
525 2757 778 2838 quinquennalem
797 2761 1042 2834 carcerationem,
1065 2775 1153 2839 quarn
1176 2773 1214 2818 ex

73 2861 155 2922 dicto
180 2879 250 2922 casu
272 2877 377 2940 passus
400 2867 456 2922 est.

161 2957 306 3024 Remanet
329 2959 472 3046 obligatio
495 2961 532 3026 ud
555 2961 729 3041 dotandum,
753 2982 769 3025 a
792 2981 850 3044 qua
866 2964 1041 3029 Dominlcus
1064 2983 1097 3026 se
1121 2983 1214 3046 prae-

74 3066 169 3127 tendit
191 3069 365 3144 immunem,
390 3065 597 3130 deficientibus
620 3071 714 3148 stupri
737 3066 969 3147 probationibus,
993 3075 1022 3130 et
1046 3069 1082 3130 ad
1105 3086 1214 3149 ampu-

73 3169 192 3231 tandam
225 3185 433 3255 quancunque
461 3173 716 3245 controversiam,
746 3189 813 3231 curn
845 3168 955 3233 factum
975 3173 1036 3255 jam
1064 3173 1154 3234 luerit
1176 3172 1213 3233 ab

74 3277 139 3352 ipso
164 3271 332 3352 depositum
354 3276 385 3332 in
408 3291 432 3334 s.
457 3279 557 3334 rnonte
580 3275 699 3352 pietatis
718 3271 859 3352 Neapolis
881 3293 1015 3336 summae
1037 3275 1212 3337 ducatorum
1324 3289 1328 3296 ’

74 3376 119 3437 bis
144 3373 239 3451 mille,
272 3379 303 3434 ut
333 3391 400 3434 curn
430 3379 475 3437 eis
497 3374 603 3458 Agnes
631 3380 728 3438 virum
752 3380 886 3454 reperire
918 3377 1028 3452 valeat,
1061 3364 1213 3439 concludit

75 3495 133 3539 non
158 3495 226 3538 esse
248 3476 305 3539 sibi
327 3494 367 3536 ex
389 3476 445 3540 boc
467 3483 563 3558 capite
586 3479 753 3542 molestiam
775 3478 970 3556 inserendam.

162 3579 215 3642 His
243 3579 389 3642 stantibus
419 3578 456 3642 ad
485 3580 593 3660 dubia,
630 3579 662 3657 l)
694 3601 733 3646 an
754 3589 876 3644 constet
905 3583 943 3644 de
971 3581 1163 3664 sponsalibus
1182 3585 1213 3646 in
1314 3633 1318 3641 .

76 3701 156 3759 casu,
180 3687 236 3745 etc.
260 3688 290 3742 et
313 3687 460 3763 quatenus
478 3681 666 3763 ailirnrative,
691 3683 727 3759 2)
751 3705 789 3746 an
807 3685 983 3750 Dominicus
1006 3690 1045 3749 sit
1059 3685 1213 3770 cogendus

77 3787 112 3849 ad
135 3783 371 3847 contrahendum
396 3802 450 3864 per
471 3785 561 3848 verba
584 3786 621 3848 de
644 3793 794 3868 praesenti
817 3807 884 3850 oum
907 3790 1047 3873 Agnete,
1077 3807 1132 3852 seu
1155 3807 1212 3876 po-

80 3913 283 3924 ...——.—-

105 3972 126 4040 ¹)
143 3971 265 4025 Thesaur.
284 3973 360 4024 resol.
380 3971 407 4026 G.
427 3970 551 4044 Neapolit.
569 3973 618 4028 vol.
637 3977 661 4027 2.
680 3991 737 4046 pag.
756 3977 797 4038 70,
817 3973 859 4032 ii.
