2736 4660
156 163 220 232 360
578 179 658 236 &aar
678 181 880 238 matrimoniales.

156 343 231 402 rerit
250 337 496 420 impedimentum
518 337 841 422 puhhcaeboneatati's,
864 338 963 420 quoad
987 341 1145 419 utramque
1160 353 1300 400 sororem

156 463 195 508 ex
216 443 404 526 sponsalibus
420 459 487 506 cum
501 448 627 525 utraque
643 444 736 521 initis,
760 441 835 508 adeo
856 447 889 504 ut
904 447 1041 504 neutram
1058 440 1186 523 amphus
1203 445 1301 522 possit

161 548 281 611 ducere.

140 641 141 644 ’
247 648 269 712 l.
299 647 387 728 Resp.
419 645 456 710 ad
485 648 629 728 primum.
675 646 778 728 Cajum
812 665 916 711 revera
948 652 1136 712 contraxisse
1166 648 1302 728 impedi-

162 757 294 814 mentum
318 749 463 814 dirimens
485 754 676 834 cognationis
698 749 860 832 spiritualis
882 767 951 812 cum
972 749 1105 830 Martha,
1129 768 1209 833 quae
1234 753 1302 833 ejus
1351 791 1354 796 -

161 856 254 920 hlium
284 859 315 916 in
339 851 572 917 Confirmatione
603 857 709 918 tenuit.
753 852 828 914 Nam
858 856 914 914 etsi
937 853 1109 918 Pontificale
1131 853 1302 918 Rornanum

161 958 199 1022 de
222 955 439 1022 confirmandis
460 972 555 1038 agens
577 954 670 1032 dicat,
698 955 848 1037 loquendo
871 955 909 1018 de
931 954 1056 1020 adultis:
1085 955 1193 1038 Neque
1217 975 1303 1020 mas-

161 1053 220 1124 culi
244 1059 364 1122 feminis
386 1062 511 1141 patrini,
534 1075 635 1140 neque
657 1057 786 1120 feminae
810 1059 949 1122 masculis
971 1063 1118 1126 matrinae
1148 1076 1219 1122 esse
1244 1059 1303 1122 de-

158 1163 291 1226 berent?
320 1168 438 1242 mmcd,
470 1167 495 1226 si
519 1179 558 1225 ex
581 1166 783 1224 ministrorum
813 1166 929 1224 incuria
951 1161 1109 1242 ahquando
1132 1166 1300 1246 contingat,

160 1272 194 1330 ut
216 1267 265 1328 val
282 1257 438 1348 'masculus
460 1265 613 1344 feminam,
636 1265 685 1328 vel
706 1265 817 1328 iendna
841 1265 1005 1328 masculum
1028 1270 1150 1344 teneat,
1174 1263 1207 1326 id
1230 1270 1301 1346 qui-

160 1369 228 1433 dem
248 1369 362 1448 illicito,
387 1389 447 1437 non
469 1375 570 1432 tamen
587 1367 720 1432 invalide
743 1366 784 1444 srt,
808 1365 839 1430 h.
863 1386 890 1430 e.
912 1367 944 1430 id
958 1371 1081 1430 minime
1092 1368 1202 1447 obstat,
1230 1373 1302 1448 quin

159 1470 322 1554 spiritualis
345 1476 486 1556 cognatio
509 1469 700 1534 contrahatur
730 1474 808 1532 inter
831 1477 982 1534 tenentem
1014 1477 1045 1532 et
1076 1470 1300 1551 confirmatum,

157 1575 384 1656 confirmatione
414 1578 568 1654 parentes.
605 1572 694 1654 Rosp.
724 1573 968 1654 adserendam,
999 1574 1101 1656 cajum
1133 1577 1302 1636 incurrisse

157 1677 277 1761 quidem
300 1677 427 1740 alterum
454 1675 701 1757 impedimentum
724 1676 860 1756 publicae
886 1678 1051 1765 honestatis
1082 1695 1149 1740 cum
1171 1677 1298 1748 Martha,

156 1799 218 1846 non
241 1798 315 1843 vero
338 1798 406 1842 cum
428 1777 587 1858 Apollonia
610 1797 715 1842 sorore
738 1781 813 1860 ejus.
857 1779 943 1842 Ratio
967 1785 1028 1857 est,
1053 1784 1123 1860 quia
1146 1782 1302 1861 sponsalia
1353 1769 1354 1786 ²

156 1889 231 1948 inita
252 1903 319 1946 cum
341 1881 455 1948 Martha
477 1887 544 1964 post
561 1881 624 1964 jam
647 1889 832 1946 contractum
855 1881 1102 1964 impedimentum
1135 1890 1301 1968 cognatio·

156 1993 204 2052 nis
235 1981 400 2068 spiritualis
432 2003 499 2048 cum
526 1984 632 2048 eadem
663 1985 784 2048 suerunt
806 1986 953 2064 invalida,
986 1991 1088 2067 utpote
1120 1991 1196 2050 inita
1221 1992 1301 2050 inter

156 2108 321 2174 personas,
358 2105 435 2170 quae
467 2087 503 2152 ad
541 2087 777 2154 contrahendum
810 2106 866 2152 suo
907 2094 1041 2168 tempore
1076 2095 1301 2154 matrimonium

157 2197 302 2258 canonico
323 2190 538 2274 impedimento
560 2191 705 2256 inhabiles
727 2197 821 2256 erant.
865 2193 958 2256 Porro
977 2190 1091 2256 Concil.
1116 2195 1197 2258 Trid.
1224 2213 1300 2258 sess.

157 2293 207 2362 24.
231 2296 267 2360 de
290 2295 412 2360 reform.
435 2299 521 2358 matr.
545 2314 571 2358 c.
595 2292 624 2358 3.
642 2296 778 2378 justitiae
806 2295 940 2376 puhhcae
972 2293 1136 2360 honestatis
1165 2298 1301 2379 impedi-

157 2405 291 2464 mentum
301 2445 311 2477 ,
341 2399 391 2462 ubi
414 2399 563 2482 sponsalia
594 2417 771 2480 quacunque
803 2405 919 2464 ratione
953 2399 1052 2462 valida
1082 2418 1143 2463 non
1174 2399 1299 2478 fuerint,

156 2520 278 2585 prorsus
308 2503 444 2579 abstulit,
476 2501 604 2582 ideoque
627 2502 716 2585 Cajus
746 2521 785 2564 ex
814 2503 1002 2586 sponsalibus
1029 2502 1087 2566 illis
1117 2507 1202 2565 initis
1234 2523 1300 2566 cum

98 2589 100 2596 ¹
154 2605 268 2670 Martha
291 2605 405 2670 nullum
428 2605 601 2688 hujusmodi
623 2605 869 2688 impedimentum
890 2611 1017 2670 incurrit
1044 2624 1112 2668 eum
1134 2604 1298 2688 Apollonia

156 2727 260 2774 sorore
284 2709 361 2790 ejus,
384 2728 452 2772 cum
475 2728 534 2790 qua
554 2709 680 2790 proinde
709 2709 807 2772 valide
830 2713 981 2772 contraxit
1008 2713 1177 2792 posteriora
1201 2727 1299 2790 spon-

154 2812 236 2891 salia,
261 2811 430 2894 exquibus
453 2817 536 2874 certe
559 2819 657 2876 ortum
681 2819 727 2876 est
754 2813 999 2894 impedimentum
1023 2811 1159 2892 puhhcae
1182 2811 1299 2874 hones-

153 2919 222 2978 tatis
244 2933 312 2978 cum
335 2913 458 2994 Martha,
484 2933 589 2979 sorore
610 2920 704 2998 ipsius
722 2915 913 2996 Apolloniae.
958 2914 1298 2998 ConsequenterApol-

153 3019 264 3084 lonium
286 3017 397 3082 ducere
420 3023 529 3100 poterit
552 3025 583 3082 et
605 3018 735 3096 debebit,
759 3035 820 3082 non
842 3035 917 3080 vero
939 3019 1021 3103 illam
1034 3016 1068 3099 ¹).

578 3229 701 3294 Casus
723 3228 866 3294 xxxvii.

528 3353 695 3428 coerano
715 3353 917 3430 spiritualis.

198 3499 201 3502 ¹
238 3479 603 3596 mandaueratis,
628 3533 654 3576 a,
679 3509 778 3592 1705,
802 3519 844 3576 uti
869 3519 1045 3595 procurator
1068 3519 1252 3577 constitutus
1276 3535 1290 3576 a

150 3625 310 3688 Francisco
332 3619 486 3704 Catogno,
510 3622 642 3700 suscepit
663 3623 693 3682 in
717 3635 803 3680 sacro
827 3617 994 3698 baptismati
1023 3617 1106 3680 fonte
1129 3616 1289 3680 Antoniam

150 3726 187 3788 de
209 3725 381 3790 benedicto,
412 3707 500 3785 'Cum
533 3717 633 3786 autem
665 3725 886 3786 matrimonium
916 3739 984 3784 cum
1013 3725 1076 3806 ipsa
1101 3719 1192 3786 modo
1215 3741 1289 3784 con·

152 3871 358 3886 Μ

175 3964 199 4029 ¹)
217 3962 297 4018 Casus
316 3962 459 4019 Gomaiem
477 3961 605 4018 benedict.
623 3961 688 4020 xiv.
706 3963 757 4018 vol.
776 3964 799 4017 3.
818 3979 842 4032 p
863 3961 925 4029 249,
944 3961 1009 4016 titt*
