2746 4646
186 236 247 308 ut
431 185 671 324 asumma
689 252 1077 310 siumeuroaemensium.
1356 216 1359 326 l

183 421 229 478 est
251 411 299 478 bis
321 411 437 476 verbis:
470 411 524 489 „st
552 417 620 494 quis
647 411 776 493 dixerit,
801 411 934 478 Glaricos
962 415 994 474 in
1015 430 1041 476 s.
1063 408 1236 481 Ordinibus·
1250 434 1324 478 con-

183 521 302 580 stitutos
325 515 372 578 vel
394 515 549 599 regulares
572 520 739 580 castitatem
760 515 937 578 solemniter
955 516 1118 596 professes,
1144 536 1235 597 posse
1259 537 1325 580 rua-

184 623 354 684 trimonium
376 618 566 696 contrahere,
590 622 836 697 contractumque
859 617 990 680 validum
1007 637 1086 698 ease,
1110 621 1324 686 nonobstante

184 724 254 808 lege
276 724 490 798 ecclesiastica,
513 719 717 784 volvola...
741 737 767 782 a.
790 717 853 795 s.¹)

267 825 424 888 Praeterea
454 821 751 886 animadvertendum
781 828 840 900 est,
873 823 1120 888 subdiaconatum
1156 846 1220 890 non
1257 848 1323 890 csse

181 929 314 992 bibitum
336 927 473 990 ordinem
495 944 615 990 sacrum
635 942 690 989 seu
713 924 857 1006 majorem
880 933 949 988 aute
959 931 1089 1008 priorem
1105 935 1221 1010 partem
1246 931 1325 992 duo-

183 1031 291 1096 decimi
313 1030 443 1108 saeculi,
467 1028 707 1108 undeapparei,
737 1026 844 1090 eodem
866 1028 962 1090 lenire
986 1037 1135 1111 tempore,
1165 1052 1227 1114 quo
1252 1034 1325 1096 ordo

181 1138 293 1214 incepit
315 1149 383 1196 esse
404 1131 652 1213 impedimentum
665 1134 885 1192 matrimonium
902 1132 1055 1210 dirimens,
1079 1134 1110 1196 id
1122 1135 1212 1198 simul
1230 1135 1326 1198 luisse

183 1243 341 1300 extensum
375 1237 452 1301 ultra
482 1229 721 1318 presbyteratum
751 1237 781 1294 et
811 1233 997 1298 diaconatum
1022 1241 1110 1298 etiam
1143 1237 1324 1302 adsacrum

182 1339 318 1404 ordinem
339 1335 618 1412 subdiaconatum).

267 1441 315 1506 tii.
360 1443 398 1506 Ut
420 1441 545 1506 effectus
567 1440 655 1524 buius
676 1442 883 1524 impedimenti
906 1443 993 1524 juxta
1018 1443 1205 1522 disciplinam
1228 1463 1323 1524 prae-

182 1550 300 1608 sentem
322 1544 401 1608 bene
422 1544 624 1629 intelligatur,
647 1546 893 1630 disunguendum
924 1551 996 1612 erit.
1030 1566 1099 1608 nurn
1122 1546 1273 1624 sponsalia
1297 1555 1326 1610 et

183 1651 404 1713 matrimonium
427 1652 643 1727 praecesserint
665 1653 887 1730 susceptionem
916 1667 941 1711 s.
964 1647 1084 1710 Ordinis
1106 1647 1253 1729 alicujus,
1287 1669 1327 1712 an

181 1754 249 1812 vioe
272 1769 359 1814 versa
367 1771 377 1828 ;
408 1754 439 1812 ai
467 1755 618 1830 prunum,
647 1757 761 1813 certum
796 1759 841 1814 est
875 1753 904 1829 i)
937 1755 1127 1832 susceptione
1158 1751 1277 1814 ordinis
1300 1770 1324 1814 s.

182 1851 280 1916 dirimi
312 1860 342 1914 ei
363 1853 439 1916 solvi
467 1857 632 1934 sponsalia3
662 1858 731 1936 quia
752 1854 820 1934 ille,
850 1860 901 1936 qui
930 1857 1109 1917 constitutus
1139 1859 1187 1916 est
1207 1859 1241 1916 in
1264 1854 1325 1918 Or-

183 1954 253 2024 dine
275 1973 318 2035 s.,
349 1953 486 2019 inhabilis
516 1964 562 2020 est
592 1957 629 2020 ad
657 1957 822 2020 ineundum
853 1962 1087 2032 matrimonium;
1117 1956 1151 2032 2)
1175 1975 1230 2036 per
1253 1975 1325 2020 sus-

182 2063 349 2138 ceptionem
380 2059 492 2122 ordinis
514 2078 538 2124 s.
568 2063 692 2122 minime
723 2067 823 2122 autern
852 2061 951 2122 dirimi
981 2063 1204 2122 matrimonium
1234 2067 1323 2124 antea

180 2164 306 2240 initum,
330 2165 386 2223 etsi
407 2170 511 2226 rutum
535 2161 703 2241 tautum³J3
727 2164 807 2228 uude
829 2170 861 2240 a)
881 2163 948 2242 ille,
973 2167 1023 2246 qui
1046 2172 1114 2244 post
1137 2169 1325 2226 contractum

181 2319 386 2332 ....-..-..--.....

94 2365 103 2406 ⁸
210 2402 233 2467 ¹)
250 2402 317 2456 Seas.
337 2403 377 2454 2⁴.
396 2402 428 2454 de
446 2418 500 2454 sac.
518 2411 589 2454 matt·
607 2419 630 2455 c·
648 2404 673 2454 9·

212 2489 234 2553 ²)
253 2486 374 2540 Binterim
396 2488 407 2540 i
429 2487 479 2540 vol.
501 2487 512 2540 1
535 2505 560 2554 p.
579 2506 603 2556 p.
622 2489 680 2540 att.

208 2573 232 2640 ³)
249 2573 350 2625 Extrav.
370 2574 456 2626 loann.
474 2573 550 2626 xxti.
570 2590 624 2640 cap.
644 2577 710 2625 unic.
745 2572 882 2642 Antiquae.
901 2572 938 2624 Oe
956 2580 1006 2623 vot.
1025 2574 1062 2624 tit.
1082 2571 1121 2626 vt.
1156 2571 1227 2624 Unde
1246 2571 1325 2640 Epia-

251 2676 330 2728 copus
348 2663 385 2714 sic
409 2659 542 2729 alloquitur
566 2659 638 2719 illos,
662 2662 705 2730 qui
723 2657 855 2710 ordinandi
875 2657 982 2710 suntad
1001 2655 1223 2708 subdiaconatum:
1245 2657 1322 2718 „Filii

252 2745 454 2798 dilectissimi...
478 2749 567 2797 iterum
592 2754 668 2814 atque
692 2750 780 2796 iterum
804 2745 967 2796 considerare
994 2741 1090 2794 debetis
1114 2752 1223 2804 arunte,
1257 2743 1324 2813 quod

252 2848 316 2883 onus
342 2831 417 2884 bodie
444 2833 508 2884 ultro
535 2834 659 2899 appetitis.
695 2829 821 2882 Hactenus
846 2833 913 2882 enirn
931 2829 1002 2881 liberi
1021 2831 1100 2888 estis,
1124 2829 1233 2898 licetque
1253 2829 1325 2882 vobis

251 2934 297 2986 pre
314 2918 416 2972 arbitrio
433 2917 465 2970 ad
483 2918 622 2970 saecularia
640 2925 698 2968 vota
717 2921 836 2981 trausire3
860 2916 966 2985 quodsi
985 2915 1053 2968 bunc
1071 2914 1185 2966 ordinem
1204 2931 1325 2982 suscepe-

252 3007 314 3067 ritis,
331 3005 439 3072 anrplius
458 3019 509 3054 non
528 3003 610 3055 licebit
628 3020 642 3054 a
661 3005 787 3070 proposito
808 3002 917 3063 resilire,
944 3001 988 3052 sed
1007 3002 1070 3065 Deo,
1089 3003 1128 3050 cui
1148 3006 1246 3058 servire
1265 3019 1324 3071 reg·

253 3105 314 3140 nare
333 3098 379 3151 est,
397 3099 519 3158 perpetuo
537 3088 652 3140 famulari
671 3097 696 3138 et
714 3091 861 3139 castitatem
880 3088 922 3140 illo
942 3087 1092 3152 adjuvante,
1121 3103 1226 3143 servare
1245 3104 1325 3154 opor-

252 3174 328 3239 tebit;
358 3183 433 3242 atque
459 3178 485 3226 in
508 3173 640 3231 Ecclesiae
662 3177 800 3226 ministerio
818 3190 918 3241 semper
942 3190 997 3224 esse
1017 3175 1179 3240 mancipatos.
1216 3173 1326 3225 Proinde

252 3260 312 3312 dum
331 3269 429 3328 tenipus
447 3269 499 3328 est,
526 3263 642 3327 cogitate,
661 3267 685 3310 et
703 3261 724 3310 si
742 3261 767 3310 in
786 3267 874 3312 sancto
898 3263 1024 3326 proposito
1049 3273 1214 3326 perseverare
1233 3259 1325 3325 placet,

253 3347 280 3398 iu
307 3348 408 3401 nomine
431 3347 530 3398 Domini
558 3345 607 3400 huc
632 3345 771 3398 accedite.“
795 3375 829 3384 -
851 3347 944 3409 Pontis.
967 3344 1039 3396 Runa.
1075 3341 1125 3394 Sed
1152 3351 1237 3394 utrum
1262 3343 1326 3395 haec

253 3433 389 3484 coelibatus
407 3431 527 3502 obligatio
545 3450 576 3486 cx
592 3432 681 3484 ordina
698 3435 769 3498 ipsu,
793 3449 825 3482 au
845 3447 905 3484 vero
924 3449 955 3484 ex
973 3439 1031 3484 voto
1049 3432 1166 3482 castitatis
1185 3445 1207 3482 s.
1223 3430 1325 3481 ordini-

253 3517 300 3570 bus
318 3535 416 3572 aunexu
435 3522 575 3588 proveniat,
593 3518 668 3572 valde
684 3517 838 3573 insudavere
849 3521 1010 3584 interpretes.
1044 3516 1129 3568 Plures
1145 3515 1248 3566 dicum:
1268 3517 1326 3567 licet

253 3605 368 3656 Ecclesia
387 3620 437 3656 non
465 3606 542 3670 possit
565 3620 657 3672 cupere
683 3603 714 3656 ad
739 3603 879 3655 vovendam
899 3605 1051 3664 castitatem,
1076 3618 1134 3652 euru
1151 3603 1182 3652 ait
1201 3617 1243 3652 rea
1263 3604 1328 3652 meri

251 3691 356 3752 consilii,
377 3693 457 3758 potuit
473 3698 558 3742 umen
576 3691 724 3756 adjiceres.
742 3689 880 3741 Ordinibus
898 3688 948 3740 tale
966 3697 1063 3750 votum,
1082 3696 1223 3749 stomaco,
1242 3705 1264 3740 s.
1275 3687 1325 3740 Or-

252 3777 323 3831 dines
346 3779 513 3842 suscipientes
538 3785 684 3830 tcnerentur
715 3778 853 3828 castitatem
882 3791 992 3826 servare.
1019 3773 1092 3826 Unde
1119 3775 1253 3840 supposita
1278 3773 1325 3824 hac

252 3859 384 3914 Ecclesiae
404 3861 467 3930 lege,
488 3878 519 3914 eo
537 3865 601 3930 ipso,
619 3879 669 3934 quo
687 3865 741 3932 quis
752 3861 806 3914 vult
823 3879 843 3914 a.
857 3859 991 3916 Ordinibus
1011 3861 1112 3920 initiari,
1131 3857 1241 3926 vultper
1260 3875 1324 3910 con-

253 3964 362 4018 sequeus
386 3963 482 4002 vovera
505 3952 658 4014 castitatem,
681 3952 748 4000 sicut
771 3949 825 4002 vult
849 3948 955 4018 obligari
978 3946 1011 3998 ad
1035 3944 1194 3998 recitandum
1212 3945 1325 3996 officium

253 4033 378 4099 divinum,
397 4034 465 4093 unde
483 4035 547 4090 baec
564 4036 685 4108 obligatio
703 4043 807 4088 vocatur
821 4035 918 4097 Votum,
938 4036 964 4086 iu
982 4049 1038 4104 cap.
1057 4035 1122 4088 unis
1141 4030 1245 4102 devptu
1264 4034 1325 4086 inti.
