2758 4664
300 229 337 286 Do
355 233 541 302 impertinentia
554 233 743 288 matrimonium
761 229 944 286 dirimentibur.
1131 211 1192 282 119

84 387 123 463 4)
146 388 186 452 ah
205 393 263 464 iia,
287 395 337 469 qui
359 395 392 452 io
414 389 618 454 Xenodochtts
640 395 670 450 in
694 393 780 472 gravi
805 389 938 467 poriouio
961 393 1040 450 vitae
1060 405 1192 452 versan-

146 500 213 570 tur,
245 511 281 555 ao
309 493 386 556 torto
420 498 642 556 matrimonium
671 497 748 554 inire
771 490 962 569 desiderant,
997 499 1029 554 ut
1049 499 1191 554 aeternae

144 597 232 660 aahrti
255 595 486 676 prospiciaoid)

84 698 122 775 5)
146 699 184 760 ab
206 703 264 773 iis,
292 704 343 779 qui
373 704 404 762 in
436 699 565 780 hospitio
589 701 689 778 atiquo
720 697 836 780 pubiico
859 697 974 780 dogunt
995 698 1193 775 educationir,

46 851 53 876 ,
144 801 194 864 ret
216 805 304 865 ctiam
327 808 553 868 austormuoms
575 799 710 877 comedi

86 899 121 974 d)
146 905 399 982 ahiocarocratis,
425 907 568 968 sitnolusi
591 903 720 968 suntad
742 909 856 966 portum
882 911 1010 981 tompus,
1035 919 1194 982 noniano,

143 1011 169 1068 si
193 1007 263 1072 ioco
282 1009 437 1072 custodiae
458 1014 572 1072 tanturn
595 1007 765 1070 carceribus
786 1003 1004 1084 detirrentur.³)

145 1109 271 1190 Insuper
292 1110 588 1174 animadvertendum
611 1116 668 1186 ost,
691 1113 723 1170 in
746 1127 817 1172 casu
838 1114 932 1188 puori
953 1110 1097 1174 domicilii
1113 1117 1193 1173 tenr-

56 1229 113 1290 pus
136 1214 242 1276 saitem
266 1219 359 1278 anau
380 1219 496 1278 moncia
516 1217 637 1294 'requiri
667 1213 705 1274 ad
735 1212 977 1275 corrctttoendum
1005 1213 1193 1292 quasidomi·

56 1316 171 1389 ciitum,
185 1325 228 1378 .ut
251 1321 333 1396 patot
352 1337 391 1378 ox
414 1317 506 1382 decis.
552 1316 580 1380 S.
606 1315 637 1379 G.
661 1312 736 1386 dh

143 1418 191 1482 tv.
215 1418 260 1480 Ex
274 1419 363 1482 dictis
382 1425 473 1499 patet,
496 1419 673 1499 pierumque
695 1417 771 1494 lieri,
795 1422 827 1478 ut
849 1434 947 1480 coram
968 1419 1101 1496 piurihus
1121 1426 1192 1488 tart-

56 1540 147 1602 quam
173 1527 300 1601 propriis
324 1514 460 1602 parochia
491 1526 710 1586 matrimonium
735 1519 832 1581 aalide
855 1519 988 1582 contrahi
1011 1525 1122 1600 poesin
1152 1540 1194 1587 en

52 1625 124 1704 juro
146 1629 298 1686 conmuni
318 1625 394 1688 nihii
416 1629 571 1699 statuitur,
601 1628 649 1688 cut
680 1641 718 1683 ex
747 1623 806 1686 iltis
835 1640 907 1702 prae
935 1623 1001 1688 aliie
1033 1630 1192 1703 competat,

54 1731 246 1790 patrimonio
270 1733 428 1806 assistere,
446 1713 516 1792 'sed
539 1731 644 1808 partim
667 1725 723 1788 hoc
745 1725 925 1806 relinquitur
953 1725 1048 1791 libero
1070 1725 1196 1792 arbitrio

53 1829 317 1908 contrahentium,
357 1837 463 1911 partim
498 1833 617 1894 statutis
653 1829 881 1910 particuiarthuc
920 1830 1124 1903 dioecesanis
1163 1834 1194 1897 io

53 1933 157 1995 moitis
179 1933 254 2016 iocis
276 1935 374 2013 quoad
397 1935 560 1998 ticeitotcm
579 1933 724 2014 parochus
747 1951 881 2012 sporrone
905 1937 1042 2012 proprius
1056 1931 1193 2008 hahetur,
1307 1918 1311 1926 ¹

52 2041 84 2096 in
107 2036 176 2098 atita
199 2035 346 2116 parochus
368 2035 438 2114 ioci,
463 2037 512 2100 uhi
526 2053 706 2118 sponsorum
729 2036 805 2098 attor
827 2035 876 2098 vei
894 2040 1021 2114 uterque
1039 2035 1102 2118 jam
1124 2040 1202 2103 autc·

52 2141 276 2202 matrimonium
298 2137 430 2202 hahitare
453 2145 581 2220 incepit,
611 2157 708 2218 eoquo
731 2143 938 2202 contractum
961 2142 1115 2218 postorum
1135 2137 1203 2201 ha·.

51 2242 151 2302 hitare
173 2239 348 2316 intenditf‘).
394 2243 572 2308 Sacerdotes
601 2250 716 2318 autom,
749 2247 811 2330 qui
831 2245 1022 2306 matrimonio
1053 2245 1220 2308 asciscunt,

53 2349 121 2407 sinc
144 2345 245 2426 ahouo
268 2347 355 2410 tituto
377 2346 499 2426 parochi
522 2349 644 2426 proprii,
667 2351 733 2426 ipso
751 2345 822 2426 jure
846 2351 965 2424 practer
982 2351 1196 2414 acuminum-2

53 2451 205 2510 cntionem
236 2454 395 2512 incurrunt
431 2456 661 2528 suspensionem
701 2447 887 2523 duraturam,
923 2447 1117 2526 quoadusque
1157 2447 1195 2513 ab

53 2550 216 2614 Ordinario
239 2553 358 2630 parochi
383 2557 492 2633 proprii
516 2547 755 2622 absolvuntur⁶h
1184 2613 1188 2618 ,

143 2654 176 2717 V.
201 2653 336 2718 Facultas
359 2655 516 2718 uenandi
540 2659 728 2718 matrimonio
750 2655 786 2714 uh
808 2652 967 2714 Ordirrario
992 2653 1039 2712 uel
1062 2653 1194 2732 parocho

53 2762 176 2838 proprio
204 2759 289 2822 atteri
321 2758 469 2822 sacerdoti
499 2775 557 2821 noo
587 2756 718 2839 parocho
753 2757 886 2840 delegari
916 2753 1064 2836 potentin
1096 2761 1195 2830 omnia

57 2963 265 2972 -m——n-—o--o-

83 3077 107 3142 1)
125 3077 258 3131 Benedici.
277 3077 341 3130 xrtt.
360 3079 420 3130 inat.
439 3077 507 3130 unct.
526 3077 567 3130 ³³.
584 3078 610 3128 1.

82 3165 105 3227 2)
124 3163 253 3215 Benedici.
272 3164 336 3216 xit.
355 3165 370 3216 Ι.
388 3181 409 3214 c.
430 3162 527 3230 Knopp.
547 3162 606 3214 290.

81 3250 105 3312 ³)
125 3251 151 3302 S.
170 3249 199 3303 0.
216 3251 234 3302 Ι.
253 3251 294 3303 21.
314 3249 380 3315 ttaji.
400 3267 422 3301 a.
446 3249 516 3300 tior.
536 3246 603 3314 apud
622 3245 750 3296 Berredict.
770 3243 834 3295 xii.
854 3246 868 3295 Ι.
887 3263 909 3296 c.
1126 3272 1131 3280 ·

81 3336 106 3401 ⁴)
125 3337 201 3402 Apud
219 3335 334 3405 Fagnani
358 3337 384 3386 in
407 3334 449 3386 hb.
467 3334 510 3386 111.
538 3333 630 3384 decret.
650 3348 672 3383 c.
691 3335 715 3383 5.
747 3329 835 3397 Signii.
854 3345 879 3381 rr.
892 3329 938 3382 ³9.
967 3359 1000 3368 -
1030 3329 1112 3382 corat
1138 3327 1197 3388 dior,

125 3423 211 3492 quod,
235 3425 256 3473 ri
274 3421 325 3473 duo
345 3438 390 3488 per
407 3435 486 3471 unum
505 3419 646 3470 atteromvc
663 3432 775 3468 manaen
795 3415 828 3467 ibi
845 3419 990 3468 cominorati
1009 3419 1072 3475 aiot,
1090 3423 1120 3465 *et
1138 3422 1198 3470 tunc

124 3511 312 3560 matrimonium
337 3507 502 3566 contrahant,
528 3507 654 3570 praesumi
680 3502 783 3561 debeat,
807 3501 862 3551 ilios
886 3501 1004 3554 habaina
1028 3502 1138 3553 animum
1164 3498 1198 3548 ibi

125 3611 172 3663 per
191 3594 302 3646 notabile
320 3601 419 3659 tempor
438 3590 582 3652 habitandi;
602 3589 738 3656 praecipue
757 3589 776 3635 ai
796 3602 847 3638 non
865 3589 948 3640 statim
965 3595 1024 3653 port
1040 3591 1197 3644 uootrmtum

125 3683 311 3732 matrimonium
332 3679 363 3730 ad
382 3680 513 3742 pristinum
532 3689 605 3726 cuum
624 3673 777 3726 domicilium
797 3679 961 3724 revertamur.
989 3674 1056 3722 uem
1074 3671 1105 3725 oe
1122 3677 1198 3727 matr.

82 3768 359 3902 ⁶)f1‘1d.⁰?>asr.nyn.
379 3852 402 3902 p.
424 3833 483 3883 311.
501 3859 534 3867 —-
554 3830 628 3880 Uene.
648 3831 679 3880 dc
697 3838 769 3880 niatr.
789 3844 815 3883 o.
833 3829 888 3882 toi.

81 3921 104 3980 ⁸)
125 3919 205 3972 conc.
222 3919 288 3972 'trid
307 3935 371 3972 ress.
388 3921 430 3971 ct.
448 3917 481 3966 de
498 3919 539 3968 rit'.
558 3923 650 3984 rrrutr⁸¹

81 4008 105 4072 ⁷)
124 4005 151 4059 S.
170 4003 198 4059 θ.
217 4006 233 4058 1.
255 4007 294 4058 15.
313 4004 380 4056 tanti
402 4003 477 4059 toci.
