2736 4660
497 187 578 242 Catus
596 189 801 244 matrimoniales.
1153 169 1217 241 373

77 368 179 414 coram
213 351 350 410 ministro
377 346 481 410 itidem
512 345 718 423 heterodoxo,
751 347 823 410 licet
850 343 879 410 S.
903 343 1027 408 Consilii
1056 345 1216 410 Decretum

76 453 185 516 luisset
206 457 237 514 iu
260 469 297 515 eo
320 451 387 514 loco
410 449 639 532 promulgatum,
660 448 762 529 ibique
784 453 875 512 otiam
898 448 1046 530 parochus
1068 449 1117 510 vel
1139 453 1217 512 mis-

75 561 226 622 sionna-tus
243 553 407 618 catholicus
424 555 486 614 non
503 552 632 630 deesset,
657 555 707 633 qui
727 555 916 626 matrimonio
935 554 1078 616 assistere
1097 557 1216 633 potuis·-

75 669 139 742 set,
163 665 364 742 opportunum
387 660 505 719 censuit
526 655 709 718 rescribere:
734 653 806 734 „Ad
829 657 994 718 mentem“.

163 765 320 827 Caeterum
343 759 522 842 quandoque
545 763 653 837 etiam,
686 758 752 836 (ubi
774 755 889 820 scilicet
915 757 1043 822 fortasse
1072 777 1132 822 non
1153 761 1215 820 irn-

74 867 225 950 pendcbat
246 865 409 946 periculum
434 861 689 944 perturbationum
712 865 743 921 et
756 861 1049 938 inconvenientium)
1064 861 1094 925 S.
1107 859 1137 926 G.
1153 881 1215 924 non

76 973 223 1034 abstinuit
235 970 271 1030 ab
283 983 426 1050 expressa
437 965 640 1028 declaratione
654 963 812 1038 nullitutis;
829 968 940 1026 namin
956 963 1050 1028 Causa
1062 961 1214 1029 Godanen.

77 1091 156 1155 quae
180 1076 286 1134 civitas
308 1076 355 1132 est
375 1073 408 1131 iu
430 1067 565 1144 Praesta,
589 1072 743 1130 contracto
766 1070 1058 1132 matrimonio-inter
1081 1067 1214 1132 Catholi-

74 1196 142 1239 oum
166 1181 198 1236 et
220 1174 419 1252 haereticum,
453 1176 636 1233 nontamen
665 1187 766 1234 coram
797 1168 928 1249 parocho
951 1169 1113 1248 catholico,
1143 1172 1216 1236 licet
1248 1253 1251 1258 .

72 1285 140 1360 ipse
163 1285 194 1342 in
217 1296 255 1341 eo
278 1277 344 1342 loco
368 1293 429 1338 non
449 1271 586 1350 deesset,
616 1272 718 1354 ibique
740 1272 768 1339 S.
793 1271 880 1337 Conc.
905 1273 1038 1337 Trident.
1061 1274 1215 1338 observari

74 1383 205 1456 soleret,
236 1381 285 1442 die
307 1377 337 1442 t.
361 1377 440 1460 Sept.
468 1374 548 1439 1677
578 1380 758 1457 rescriptum
787 1376 857 1438 luit:
902 1375 1124 1440 Matrimonium
1146 1394 1214 1440 esse

74 1486 199 1548 nullum.
230 1482 278 1548 Sic
301 1500 421 1565 quoque
444 1478 595 1542 resolutus
618 1477 675 1540 fuit
696 1478 773 1542 alter
795 1481 900 1544 similis
922 1497 1010 1544 casus
1032 1484 1214 1544 matrimonii

72 1593 155 1651 inter
177 1588 346 1650 haereticos
369 1590 445 1664 initi,
469 1589 501 1645 in
523 1582 695 1647 Coloniens.
722 1580 770 1646 16.
795 1584 867 1645 Dec.
894 1580 984 1647 1719.
1024 1584 1058 1646 ln
1080 1581 1215 1667 lllogun-

73 1696 154 1770 iina,
178 1709 245 1753 curn
269 1693 299 1752 in
323 1689 390 1754 loco
412 1687 500 1769 hujus
522 1687 697 1765 Dioeeesis,
726 1691 841 1768 inquo
865 1683 976 1748 Concil.
999 1685 1131 1750 Trident.
1158 1685 1215 1748 iutt

74 1794 273 1876 publicatum,
303 1793 410 1855 mulier
432 1790 605 1854 Calviniana
634 1793 666 1851 in
689 1793 909 1854 matrimonium
940 1790 1085 1854 collocata
1107 1789 1216 1852 luisset

71 1895 189 1958 homini
207 1894 377 1958 Luiherano
400 1910 500 1958 coram
525 1895 661 1956 ministro
683 1891 846 1971 haeretico,
869 1897 995 1976 ipseque
1019 1897 1076 1972 vir,
1099 1893 1215 1976 ejurato

71 2017 195 2078 errore,
219 1999 381 2078 altarisque
404 1999 514 2078 nuptiis
536 2013 605 2058 cum
627 1995 754 2058 muliere
777 1995 923 2058 catholica
945 1999 1029 2059 initis
1052 2002 1216 2082 angeretur

71 2107 184 2164 timore
206 2099 365 2162 validitatis
387 2103 497 2180 prioris
522 2105 712 2179 matrimonii,
736 2099 765 2164 S.
781 2100 812 2162 C.
835 2097 886 2164 31.
902 2099 986 2164 llari.
1012 2096 1092 2164 1721
1117 2117 1214 2181 resp:

70 2202 232 2282 „Dandum
256 2219 324 2266 esse
347 2203 508 2265 Decretum
531 2203 581 2266 die
604 2202 655 2268 26.
679 2201 760 2284 Sept
788 2198 879 2278 1602,
903 2220 963 2284 quo
986 2203 1100 2264 scilicet
1121 2206 1212 2265 inva-

69 2306 132 2369 lida
161 2305 350 2368 declarantur
379 2305 549 2386 hujusmodi
580 2307 812 2385 matrimonia“;
840 2306 981 2388 idemque
1010 2310 1043 2367 in
1072 2303 1214 2368 ullinibus

71 2412 305 2472 circumstantiis
327 2409 483 2490 respondit
503 2414 535 2472 in
558 2408 795 2473 Paderbornens.
818 2407 848 2472 4.
872 2409 951 2494 Aug.
978 2404 1070 2472 1725.

161 2510 239 2574 Sane
261 2529 334 2574 voro
363 2516 394 2574 in
422 2529 511 2592 casu,
546 2517 596 2594 qui
627 2512 716 2575 bodie
744 2517 936 2595 proponitur,
967 2513 1066 2575 nullus
1096 2511 1214 2576 videtur

71 2633 186 2699 urgere
208 2617 296 2676 timor
318 2613 417 2676 damni
440 2619 471 2676 in
494 2615 661 2680 Catholicos
683 2607 877 2678 redundaturi
901 2664 907 2678 .
933 2661 940 2676 .
965 2665 971 2679 .
997 2622 1059 2678 tum
1081 2614 1213 2692 demum,

70 2723 144 2799 quia
173 2721 238 2798 ipse
266 2716 399 2781 Ordinar.
426 2715 570 2782 Wormat.
600 2723 632 2780 in
662 2724 725 2782 suis
747 2720 854 2782 litteris
883 2717 1051 2794 concludit,
1083 2717 1212 2798 quodsi

72 2821 103 2885 S.
128 2821 160 2883 G.
185 2824 352 2899 censuerit,
383 2820 545 2884 invalidum
569 2821 780 2886 declarandum
803 2839 872 2886 esse
899 2822 956 2887 hoc
978 2825 1212 2901 matrimonium,

71 2926 229 2987 decretum
256 2923 335 2986 istud
363 2923 458 2986 bbere
487 2930 517 2987 et
545 2930 612 2990 sine
639 2921 698 2987 ulla
729 2893 878 3006 molestia,
913 2931 963 2989 aui
991 2923 1211 2988 baereticorum

72 3024 310 3090 contradictione
333 3031 444 3107 poterit
466 3033 637 3093 executioni
660 3027 842 3092 demandari.

158 3128 207 3192 Ad
229 3127 361 3210 dubium,
385 3148 422 3193 an
445 3138 563 3195 constet
586 3132 626 3194 de
647 3133 783 3194 nullitate
801 3135 982 3195 matrimonii
1005 3137 1037 3195 in
1060 3148 1132 3196 casu
1155 3136 1213 3193 etc.

20 3231 22 3235 ’
72 3231 101 3297 S.
127 3231 158 3294 C.
183 3231 338 3313 respondit
360 3233 409 3296 die
432 3235 460 3298 7.
483 3233 555 3298 Julii
581 3232 679 3300 1731:
703 3234 960 3316 „Affirmutioc“.
974 3234 999 3312 ¹)
1197 3225 1200 3231 ¹

518 3423 637 3488 Casus
659 3421 760 3486 XLIV.
829 3465 832 3471 —

389 3545 581 3621 sponsalia.
612 3545 893 3608 clandestlnltos.
948 3596 949 3600 ,

164 3685 194 3762 1)
226 3685 418 3749 Detractantc
441 3685 567 3761 Quirino
590 3687 806 3753 Chiudinovl'ch
834 3691 1000 3771 sponsalia,
1035 3709 1111 3772 quae
1144 3707 1211 3752 cum

71 3787 171 3870 puella
189 3787 426 3852 ClaraStanioeo
448 3794 565 3869 inierat,
590 3797 710 3874 exequi,
735 3793 841 3856 eadem
860 3791 953 3873 Clara,
981 3798 1013 3856 ui
1033 3811 1088 3858 suo
1106 3791 1212 3857 honori

76 3910 282 3920 .—..--.----

91 3978 113 4046 ¹)
132 3978 253 4032 Thosaur.
271 3977 375 4030 resolui.
393 3975 418 4031 S.
436 3976 467 4032 ,0.
485 3977 513 4033 0.
532 3987 592 4034 tom.
609 3981 634 4032 b.
653 3997 678 4049 p.
699 3979 756 4036 lta.
775 3980 803 4036 u
821 3981 998 4036 Worrtratioas.
