2742 4660
161 240 182 304 4
222 231 242 270 f
518 254 554 304 De
573 254 731 304 matrimonio
749 248 887 303 secundum
906 267 940 303 ΕΘ.
1024 245 1030 248 -

161 418 194 473 ut
216 409 358 494 'theologi
382 410 493 489 dicunt,
518 413 548 470 in
573 408 650 473 lacto
673 425 751 488 esse,
776 413 794 472 i.
820 427 845 472 e.
871 412 958 488 prout
980 410 1200 470 matrimonium
1224 405 1296 468 dicit

160 515 289 594 aliquem
314 519 420 574 statum
444 517 523 575 vitae
551 519 794 594 permanentem,
828 511 1029 574 essentialiter
1055 527 1115 573 non
1143 514 1295 591 pertinere

162 634 339 678 consensum
364 620 498 677 mutuum
528 620 748 693 continuatum,
779 619 847 695 quia
870 631 1049 692 consensus,
1078 617 1103 676 si
1133 617 1171 676 sit
1193 628 1295 689 verus,

162 723 251 781 eliam
275 722 363 780 unlus
380 724 528 786 ,maurenti
548 720 611 800 jam
635 719 727 780 elficit
750 722 987 796 matrimonium,
1010 721 1029 780 i.
1055 733 1080 776 e.
1104 717 1296 798 conjunctio-

160 839 228 882 nem
251 827 281 884 in
305 839 337 882 se
360 828 534 901 perpetuam
558 829 587 884 et
609 819 855 900 indissolubilem,
879 839 965 902 quae,
989 825 1014 882 si
1038 821 1132 881 semel
1155 825 1197 914 sit¹
1216 817 1296 878 elle-

161 929 217 1002 cla,
241 923 477 1004 independenter
494 945 509 987 a
528 943 616 988 causa
633 929 794 1007 originaria
809 923 970 1002 alliciente,
995 941 1115 1004 semper
1130 928 1295 1003 permanet.

102 1019 104 1028 ’
160 1025 235 1086 Hinc
257 1032 390 1090 axioma:
415 1028 655 1105 „Matrimonium
680 1028 774 1090 semel
789 1029 919 1090 validum
948 1045 1068 1108 semper
1089 1026 1253 1090 validum.“
1271 1022 1296 1100 ¹)

161 1127 196 1204 3)
220 1147 398 1192 consensum
429 1137 563 1192 mutuum
586 1131 622 1193 ad
647 1133 883 1204 matrimonium,
912 1136 1062 1210 sumptum
1090 1134 1120 1206 in
1143 1130 1216 1207 fieri
1240 1147 1296 1190 seu

160 1235 260 1292 octioe
289 1239 375 1312 prout
397 1232 470 1294 illud
499 1237 626 1295 sumitur
655 1253 708 1314 pro
739 1240 906 1312 contractu,
941 1233 1142 1295 essentialiter
1170 1235 1294 1310 requiri,

160 1332 251 1414 idque
275 1340 353 1397 lanta
377 1340 573 1413 necessitate,
603 1342 635 1397 ut
658 1337 723 1417 ejus
746 1335 882 1398 deiectus
906 1336 984 1398 nulla
1009 1341 1165 1417 potestate,
1189 1335 1296 1396 saltem

160 1434 287 1499 humana
317 1438 404 1499 aliter
426 1439 555 1518 suppleri
580 1444 687 1518 possit,
721 1445 789 1519 quia
813 1440 956 1522 obligatio
985 1438 1035 1500 illa
1059 1443 1088 1498 et
1118 1454 1233 1514 nexus,
1265 1441 1297 1497 in

161 1557 219 1618 quo
242 1546 379 1602 consistit
401 1545 580 1602 matrimonii
605 1547 745 1620 essentia,
770 1547 923 1606 oriri-non
946 1548 1053 1623 potest,
1077 1545 1133 1603 nist
1158 1557 1196 1600 ex
1218 1557 1297 1601 con-

164 1659 254 1703 sensu
277 1649 307 1702 et
331 1641 511 1722 pactione.²)

246 1744 281 1805 ll.
304 1745 343 1806 Ut
365 1752 464 1807 aulem
479 1747 628 1826 objectum
647 1751 726 1809 circa
744 1748 823 1828 quod
839 1747 924 1808 datur
942 1765 1106 1810 consensus
1130 1747 1165 1809 ad
1189 1749 1297 1807 matri-

161 1851 292 1909 monium
314 1843 503 1911 elliciendum
526 1855 662 1912 accurate
683 1850 869 1925 definiamus,
893 1869 960 1912 cum
978 1849 1006 1912 S.
1020 1849 1130 1913 'l'homa
1154 1851 1295 1911 dicimus:

161 1950 364 2028 „consensus
389 1956 438 2031 qui
457 1952 526 2012 lacit
542 1958 772 2032 matrimonium,
798 1959 837 2016 ita
854 1971 887 2015 se
904 1953 991 2014 babet
1007 1951 1043 2015 ad
1067 1953 1200 2033 copulam
1219 1957 1297 2014 sicut

160 2057 380 2115 matrimonium
410 2057 507 2135 ipsum
536 2053 571 2116 ad
602 2057 727 2117 eandem
759 2057 912 2137 copulam3
943 2059 1161 2119 nialrimonium
1191 2059 1292 2117 aulem

161 2173 220 2216 non
243 2163 288 2217 est
311 2158 510 2218 essentialiter
532 2163 594 2238 ipsa
612 2160 782 2239 conjunctio
806 2161 944 2238 carnaliS,
969 2160 1022 2222 sed
1039 2158 1182 2240 quaedam
1206 2175 1297 2220 asso-

64 2268 68 2276 '
159 2263 248 2320 olatio
272 2261 327 2319 viri
351 2264 380 2320 et
403 2264 504 2322 uxoris
528 2261 563 2324 ad
588 2263 737 2325 carnalem
761 2264 896 2342 copulam
921 2269 951 2324 et
968 2263 1034 2342 alia,
1058 2281 1135 2343 quae
1158 2281 1196 2325 ex
1218 2280 1296 2325 con—

159 2365 296 2441 sequenti
329 2361 365 2423 ad
393 2367 489 2424 virum
520 2371 550 2425 et
581 2385 707 2427 uxorem
740 2372 905 2446 pertinent,
942 2366 1107 2428 secundum
1140 2365 1218 2446 quod
1250 2369 1296 2425 eis

159 2463 245 2525 datur
271 2471 411 2544 potestus
440 2467 477 2554 ad
506 2471 633 2529 invicem
664 2477 802 2549 respectu
831 2469 957 2531 carnalis
986 2469 1126 2549 copulae3
1160 2475 1190 2528 el
1220 2466 1297 2528 baec

160 2638 365 2650 ——r-w——e--

226 2755 276 2808 quo
299 2747 412 2806 tempore
436 2740 503 2791 nulla
530 2743 594 2790 inter
617 2756 661 2792 eos
687 2742 794 2792 carnalis
820 2743 909 2809 copula
936 2744 1128 2804 intercesserat,
1154 2749 1181 2790 ut
1207 2739 1294 2792 Patres

226 2834 357 2887 testantur,
376 2841 437 2876 vero
456 2829 615 2878 matrimonio
631 2827 733 2892 junctos
752 2828 827 2878 luisse
843 2829 1042 2894 plane⁶coustat
1067 2826 1150 2890 Quare
1169 2843 1183 2877 a
1202 2829 1296 2878 sanctis

226 2909 340 2960 Patribus
359 2910 513 2976 dictumest,
532 2915 715 2964 matrimonium
728 2929 778 2964 non
792 2913 937 2976 concubitu,
956 2912 999 2963 sed
1013 2929 1136 2962 consensu
1156 2914 1293 2962 existere.“

187 2993 208 3059 ¹)
227 2995 251 3046 S.
271 2993 355 3045 Thom.
376 2999 411 3048 sic
430 2997 572 3065 distinguit:
598 2998 752 3064 Dicendum,
777 3000 842 3069 quod
862 3001 975 3068 quamvis
995 3014 1147 3061 consensus,
1172 3001 1215 3066 qui
1236 2997 1294 3048 lacit

226 3083 421 3146 matrimonium,
440 3099 490 3134 non
509 3086 540 3134 sit
559 3094 693 3150 perpetuus
712 3085 881 3147 materialiter,
905 3087 920 3136 i.
939 3101 962 3134 e.
980 3095 1101 3152 quantum
1122 3083 1152 3135 ad
1172 3083 1295 3135 substan-

225 3170 284 3218 tiam
304 3177 382 3231 actus,
403 3172 460 3237 quia
481 3170 523 3220 ille
542 3178 612 3221 aeirus
631 3179 722 3234 cessat,
741 3179 764 3222 et
784 3180 865 3238 potest
883 3171 1025 3222 contrarius
1044 3169 1189 3232 succedere,
1211 3179 1296 3220 tamen

225 3253 362 3304 formaliter
385 3255 528 3324 loquendo,
556 3265 594 3306 est
619 3265 770 3324 perpetuus,
796 3260 853 3326 quia
878 3265 916 3308 est
942 3256 973 3306 de
999 3259 1162 3324 perpetuitate
1186 3255 1295 3318 vinculi3

226 3339 357 3391 aliusnon
378 3341 472 3392 iaceret
491 3344 691 3404 matrimonium,
717 3358 766 3392 non
787 3345 853 3394 enim
873 3357 1009 3392 consensus
1029 3341 1060 3391 ad
1080 3350 1179 3408 tempus
1203 3342 1229 3392 in
1249 3340 1299 3390 ali-

224 3441 299 3492 quam
319 3430 502 3478 matrimonium
523 3429 594 3492 lacit;
614 3436 638 3478 et
656 3426 712 3478 dico
732 3428 876 3491 lormalrter,
894 3429 1032 3480 secundum
1048 3427 1114 3496 quod
1133 3433 1204 3477 actus
1224 3429 1298 3476 acci—

224 3514 257 3576 pit
281 3515 392 3578 speclem
419 3513 449 3563 ab
473 3513 587 3577 objecio;
616 3521 641 3563 et
665 3514 804 3565 secundum
829 3515 876 3564 boc
900 3517 1088 3565 matrimonium
1115 3528 1145 3563 ex
1170 3527 1300 3563 consensu

222 3597 460 3663 inseparabilitatem
481 3603 598 3666 accipitst‘
622 3601 704 3666 suppl.
723 3617 746 3667 q.
766 3600 806 3650 la.
827 3615 847 3650 a.
869 3601 892 3650 3.
911 3600 941 3650 ad
960 3601 986 3654 4.

182 3683 203 3747 ²)
224 3681 376 3736 catechism.
397 3687 466 3736 Rom.
486 3687 501 3738 l.
522 3703 543 3737 c.
563 3703 586 3753 q.
607 3687 630 3736 4.
651 3715 684 3722 -·
702 3685 727 3736 S.
746 3683 833 3736 Thura.
852 3685 942 3748 „Unus
961 3700 1011 3736 non
1031 3685 1123 3751 accipit
1142 3692 1299 3752 potestatem

218 3771 244 3818 in
263 3786 303 3830 eo,
327 3771 393 3837 quod
412 3781 450 3821 est
469 3773 545 3823 libere
563 3773 674 3833 alterius,
694 3773 741 3820 nisi
761 3787 805 3838 per
817 3771 872 3836 ejus
890 3787 1055 3834 consensum3
1075 3771 1119 3822 sed
1134 3787 1179 3837 per
1205 3772 1301 3822 mairi-

221 3858 333 3906 monium
353 3859 444 3923 accipit
456 3866 560 3926 uterque
579 3858 714 3926 conjugum
735 3865 880 3924 potestatem
899 3860 924 3907 in
939 3873 1029 3924 cerpus
1048 3855 1159 3920 alterius,
1178 3864 1206 3907 ut
1222 3863 1296 3924 patet

223 3942 234 3990 l
256 3940 367 3994 Corinth.
388 3947 410 3996 7.
431 3961 452 3997 c.
475 3961 532 3995 curn
552 3947 621 4010 prius
641 3954 745 4012 uterque
763 3943 866 3994 liberam
886 3951 1034 4011 potestatem
1054 3945 1092 3994 sui
1112 3944 1224 4009 corporis
1243 3942 1295 3992 ba·-

223 4027 307 4093 beret3
329 4045 390 4098 ergo
410 4045 548 4082 consensus
568 4029 626 4080 lacit
644 4032 858 4082 malrirnouium.‘⁸
877 4030 959 4097 suppl.
975 4047 999 4098 q.
1013 4030 1055 4081 is.
1074 4045 1096 4080 a.
1117 4027 1139 4079 1.
