2736 4660
120 173 185 244 408
300 175 303 182 Α
599 167 790 248 Ὲοπιιιίιιίιιυι.

210 346 392 432 inquorum
422 349 512 415 fidem
542 357 717 432 praesentes
738 351 841 414 literas
871 367 962 412 manu
992 354 1094 412 nostra
1124 352 1262 432 signatas

122 455 153 512 et
175 447 322 532 perintra
345 457 489 534 scriptum
505 449 704 516 Secreturium
719 452 860 516 Nostrum
883 451 1074 532 subscriptas,
1099 451 1263 536 sigilloque

123 548 233 616 Nostro
255 555 385 616 munitas
407 553 471 618 ficri
491 555 646 637 jussimus.

209 677 320 742 Datum
342 675 380 741 N.
402 677 437 741 N.
465 679 501 743 17
526 729 533 743 .
558 728 565 742 .
932 681 967 746 N.
983 681 1019 745 N.

887 808 932 870 De
954 807 1094 872 mandato
1117 812 1176 868 etc.

919 915 951 971 ut
973 927 1062 994 supra
1084 913 1142 970 etc.

175 1084 176 1088 ι
217 1071 508 1144 stantarum
525 1071 650 1136 samma
667 1071 1175 1150 mpemuonis.rn··rmoe1·r

417 1313 473 1376 Dei
496 1319 527 1376 et
548 1207 742 1394 Apostfflicffe
765 1312 851 1376 Sedis
874 1307 975 1382 Gratia

492 1416 659 1499 Episcopus
685 1416 841 1478 Dioecesis
862 1413 899 1476 N.

216 1541 372 1606 Universis
394 1549 425 1605 et
446 1543 575 1626 singulis
598 1547 771 1622 praesentes
784 1545 918 1626 visuris„
927 1541 1049 1604 lecturis
1072 1545 1102 1602 et
1117 1539 1273 1604 audituris

129 1649 233 1708 uotum
264 1645 408 1725 iacimus,
438 1645 518 1725 quod
540 1645 575 1708 N.
598 1651 629 1708 et
651 1645 686 1710 N.
714 1645 878 1708 humillime
901 1643 994 1706 Nobis
1020 1643 1273 1724 supplicaverint,

126 1751 158 1808 ut
180 1765 248 1810 cum
278 1751 323 1810 eis
344 1752 376 1810 in
400 1751 489 1810 tertio
512 1752 792 1832 consanguinitatis
808 1746 904 1830 gradu
930 1745 1072 1826 simplici,
1102 1761 1160 1824 quo
1181 1761 1272 1806 con-

121 1849 216 1929 juncti
239 1853 382 1925 existunt,
407 1849 446 1912 ob
461 1855 564 1912 uotum
577 1849 727 1914 delectum
751 1851 829 1914 dotis
845 1853 940 1931 ipsius
963 1865 1090 1928 sponsae
1107 1851 1138 1908 iu
1156 1846 1271 1910 ordine

126 1950 164 2016 ad
187 1949 421 2014 contrahendum
442 1956 664 2016 matrimonium
694 1952 1125 2033 dispensareclemeutissime
1147 1949 1271 2032 digna-

124 2068 234 2118 remur.
280 2051 342 2116 Nos
362 2057 465 2137 igitur,
489 2057 540 2134 qui
563 2074 580 2116 a
602 2038 795 2120 Sanctissimo
818 2056 946 2118 Domino
968 2053 1079 2116 Nostro
1096 2052 1172 2132 Papa
1187 2051 1272 2114 Gle-

125 2159 226 2218 mente
245 2153 306 2218 Xll.
329 2156 453 2236 speciali
475 2156 616 2218 facultate
638 2154 777 2240 delegata
799 2157 929 2237 desuper
950 2173 1027 2220 anuo
1051 2205 1058 2219 .
1084 2206 1090 2219 .
1115 2205 1121 2220 .
1146 2155 1194 2217 die
1223 2202 1231 2216 .
1263 2201 1270 2216 .

125 2261 237 2320 mensls
260 2301 268 2318 .
292 2305 299 2321 .
323 2308 329 2322 .
354 2304 361 2320 .
382 2257 420 2320 ad
442 2263 680 2340 quinquennium
697 2259 790 2322 Nobis
806 2277 951 2322 concessa
970 2262 1077 2322 muniti
1087 2262 1268 2344 'existimus

126 2363 248 2436 tenoris,
270 2364 303 2422 ut
325 2364 462 2442 sequitur
476 2397 517 2408 —
534 2362 639 2435 (verba
656 2365 720 2442 ipsa
738 2361 904 2424 litterarum
917 2361 1158 2442 Apostolicorum
1181 2361 1271 2424 den-

125 2466 198 2539 tur),
244 2467 273 2524 vi
305 2461 461 2546 delegatae
483 2463 578 2528 Nobis
607 2469 763 2544 potestatis
791 2464 985 2544 Apostolicae
1014 2465 1162 2547 allegatae
1191 2481 1269 2526 oum

127 2570 301 2628 memoratis
322 2564 357 2628 N.
382 2571 413 2626 et
434 2565 485 2642 N.,
516 2585 556 2628 ex
585 2585 675 2630 causa
697 2566 791 2628 Nobis
819 2572 891 2632 satis
918 2571 1043 2650 ,cognita
1066 2565 1267 2645 aspectura,

125 2670 158 2756 in
178 2667 309 2730 Domino
332 2667 552 2747 dispensamus,
575 2675 607 2730 et
628 2669 833 2748 dispensatum
855 2669 1051 2746 declaramus,
1080 2671 1207 2730 servatis
1233 2671 1270 2730 in

126 2769 242 2849 reliquo
264 2769 421 2832 servandis
444 2768 481 2832 de
500 2770 579 2850 jure.
615 2771 646 2832 ln
669 2789 797 2852 quorum
819 2770 909 2834 lidero
932 2777 988 2834 eto.
1013 2817 1020 2834 .
1045 2821 1051 2834 .
1077 2819 1083 2834 .
1107 2775 1271 2851 utsupra.

379 2957 409 3022 t)
427 2954 504 3015 Alia
521 2955 673 3018 formula
689 2955 969 3030 dispensationis.

281 3187 473 3251 lliseratioue
494 3189 604 3254 Divina
631 3195 661 3250 et
683 3188 770 3253 Sedis
791 3187 984 3269 Apostolicae
1007 3186 1106 3252 Gratia

551 3291 717 3372 Episcopus
739 3291 775 3356 N.
798 3290 834 3354 N.

368 3393 486 3458 Dilecto
503 3393 602 3472 Nobis
631 3394 693 3458 tilio
715 3394 751 3458 N.
774 3393 810 3457 N.
834 3393 964 3474 parocho
987 3392 1021 3456 N.

522 3497 654 3562 Salutem
672 3502 705 3560 in
719 3495 864 3561 Dominol

212 3621 336 3686 oblatae
362 3622 454 3688 Nobis
485 3641 581 3706 nuper
608 3627 761 3706 petitionis
790 3628 886 3688 series
916 3641 969 3704 pro
996 3627 1080 3702 parte
1107 3623 1143 3685 N.
1166 3623 1202 3686 N.
1236 3629 1267 3684 et

126 3724 161 3791 N.
185 3725 232 3805 N,
255 3731 286 3788 in
309 3730 453 3788 missione
477 3726 651 3810 degentium
674 3727 727 3790 tibi
748 3731 780 3789 iu
803 3715 905 3789 curam
929 3725 1051 3804 tradita,
1081 3725 1264 3806 continebat,

127 3829 208 3910 quod
229 3829 272 3891 illi
294 3833 460 3904 memorati,
483 3829 555 3891 alias
576 3835 608 3892 in
631 3827 764 3893 secundo
788 3829 883 3912 gradu
899 3831 1168 3912 consanguinitatis
1187 3833 1267 3891 stm-

9 3943 10 3954 ’
127 3932 197 4014 plici
220 3950 259 3994 ex
287 3937 438 3996 communi
466 3937 566 4014 stipite
594 3932 744 4014 conjuncti
773 3935 904 3995 invicem
935 3935 1157 3998 matrimonium
1185 3937 1267 3996 iuter
