2736 4660
617 169 809 228 immunitum.

308 432 363 493 Det
387 435 417 492 et
439 430 526 494 Sedis
547 431 741 510 Apostolicaa
764 431 864 496 Gratia
886 432 1054 514 Episcopus
1076 433 1112 498 N.

226 533 427 596 Committiiur
449 535 636 598 confessario
660 553 699 596 ex
721 537 891 616 approbatis
914 536 951 598 ab
971 536 1129 600 Ordinatio
1153 556 1208 618 per
1225 537 1281 600 it-

139 639 212 698 tium
235 638 298 710 (oei
319 653 374 716 per
394 635 602 718 Sempronium
625 643 656 698 et
677 638 794 720 Gajam)
824 639 994 718 specialiter
1025 638 1188 722 deligendo
1219 658 1280 720 po-

138 744 230 800 testas
252 738 445 819 dispensandi
467 743 546 802 circa
572 740 819 820 impedimentum
851 739 1004 804 affinitatis
1027 745 1177 818 (criminis
1201 745 1277 818 etc.)

138 858 205 902 uum
229 845 335 904 marito
349 858 404 902 suo
427 845 598 904 contractae
614 841 653 902 ob
666 841 902 920 praecedentem
925 843 1073 924 copulam,
1097 843 1280 906 cumfratre

136 947 231 1022 ipsius
253 942 396 1016 babitam;
419 947 450 1004 iu
474 943 539 1006 loro
563 949 660 1004 tamen
682 949 886 1006 conscientiae
909 951 1034 1018 tantum,
1056 963 1091 1006 ac
1113 945 1279 1008 dummodo

136 1035 383 1126 impedimentum
406 1050 445 1106 sit
467 1045 626 1119 occultum,
649 1046 823 1128 injungatur
846 1054 945 1110 tamen
966 1052 1149 1127 poenitentia
1172 1053 1280 1131 gravis
1360 1085 1361 1090 κ

142 1151 173 1210 et
196 1147 345 1211 salutaris.
369 1184 408 1192 »-
434 1147 466 1208 ln
491 1165 617 1227 quorum
641 1147 729 1210 iidem
753 1154 809 1212 etc.
834 1155 986 1228 utsupra.

253 1316 281 1380 it)
308 1309 385 1370 Alia
401 1309 553 1374 formula
568 1311 667 1386 juxta
685 1311 815 1387 stylum
833 1313 866 1374 S.
885 1311 1161 1373 Paenitentiarias.

304 1553 360 1614 Dei
384 1558 412 1612 oi
436 1551 521 1616 Sedis
544 1449 863 1634 Apostoffiasslhmm
884 1553 1048 1634 Episcopus
1070 1552 1106 1614 N.

137 1668 267 1734 discreto
290 1689 364 1734 vero
385 1671 571 1736 confessario
594 1684 641 1734 ex
655 1672 825 1752 approbatis
847 1663 1051 1736 ab'Ordinario
1067 1689 1122 1753 per
1136 1671 1282 1733 Oratores

637 1773 790 1858 eligenda.

223 1877 269 1964 Ex
291 1881 374 1958 parte
397 1877 431 1942 N.
457 1877 522 1954 (vel
543 1878 577 1940 N.
603 1883 634 1942 et
655 1877 706 1956 N.)
736 1875 822 1938 nobis
845 1879 942 1940 oblata
965 1881 1071 1958 petitio
1093 1877 1281 1954 continebat,

137 1978 218 2058 quod
240 1983 304 2059 ipse
327 1980 391 2056 (vel
408 1984 479 2059 ipsi)
502 1981 575 2044 allas
590 1983 811 2042 matrimonium
828 1997 896 2040 cum
912 1980 1048 2056 muliere,
1074 1982 1160 2062 cujus
1183 1997 1282 2042 soro-

139 2100 203 2143 rem
226 2088 313 2143 aniea
336 2082 495 2144 carnaliter
516 2088 712 2165 cognoverat,
735 2082 854 2162 publice
877 2086 908 2144 in
931 2081 1008 2146 facie
1019 2082 1173 2146 Ecclesiae
1196 2101 1283 2144 eon-

138 2188 246 2262 traxit,
271 2189 301 2246 ct
322 2189 495 2248 successive
518 2188 743 2248 consummavit.
776 2186 848 2247 Cum
871 2191 969 2246 aulem
993 2191 1095 2248 orator
1114 2186 1152 2248 ob
1174 2189 1281 2264 impe·
1360 2253 1361 2270 χ

138 2286 301 2348 dimentum
316 2305 354 2347 ex
377 2292 548 2364 praemissis
565 2291 747 2366 proveniens
762 2290 793 2348 in
808 2287 888 2348 dicto
912 2292 1101 2351 matrimonio
1118 2305 1283 2348 remanere

137 2395 267 2470 nequeat
289 2390 402 2470 absque
415 2388 608 2469 Apostolicae
627 2390 712 2453 Sedis
735 2390 967 2470 dispensatione,
994 2390 1031 2452 ad
1047 2390 1167 2452 vitanda
1184 2407 1284 2452 scan-

137 2491 214 2569 dala,
238 2511 328 2572 quae,
360 2495 387 2553 si
408 2491 568 2553 divortium
593 2491 677 2554 fieret
699 2498 779 2555 inter
794 2509 858 2568 eos,
881 2493 1085 2554 verisimiliter
1105 2495 1176 2553 oriri
1199 2509 1284 2570 pos-

136 2599 218 2670 sent,
247 2608 284 2655 ac
307 2611 359 2674 pro
383 2598 586 2656 conscientiae
608 2599 709 2675 quiete
740 2599 821 2674 cupit
844 2613 859 2655 a
884 2599 1071 2676 praemissis,
1102 2611 1179 2676 quae
1203 2599 1284 2654 sunt

136 2696 261 2774 occulta,
286 2702 316 2756 et
337 2696 375 2757 de
398 2696 506 2777 quibus
523 2697 681 2775 plurimum
699 2697 789 2779 dolet,
813 2697 937 2771 absolvi,
961 2715 1122 2776 secumque
1140 2696 1276 2774 desuper

135 2799 310 2878 dispensari.
333 2799 394 2861 Nos
415 2804 526 2880 itaque,
551 2804 600 2881 qui
624 2819 640 2860 a
663 2798 855 2861 sanctissimo
878 2798 912 2862 D.
936 2799 970 2862 N.
996 2799 1024 2862 P.
1049 2800 1099 2862 Pio
1125 2798 1172 2862 ix,
1197 2816 1281 2878 spe-

136 2902 202 2962 ciali
217 2901 356 2963 facultate
370 2899 499 2980 desuper
512 2899 604 2964 Nobis
625 2920 767 2963 concessa
786 2905 889 2964 muniti
906 2905 1072 2982 existimus
1099 2908 1128 2963 vi
1143 2903 1276 2983 hujusce

135 3003 292 3086 delegatae
322 3008 477 3083 potestatis
507 3005 700 3082 Apostoltcae
731 3005 907 3066 discretioni
939 3008 1009 3066 tuae
1030 3007 1299 3086 committimus,-

136 3110 296 3186 quatenus,
330 3111 355 3166 si
379 3112 425 3168 esi
447 3109 505 3182 ita,
537 3106 647 3168 dictum
672 3105 828 3167 Oratorem
852 3105 951 3168 audita
977 3111 1059 3185 prius
1081 3109 1146 3188 ejus
1170 3125 1281 3170 sacra·

137 3209 257 3270 mentali
282 3207 479 3269 Confessione
502 3225 537 3270 ac
559 3207 673 3270 sublata
697 3214 874 3283 occasione,
904 3215 929 3271 si
953 3227 1010 3288 qua
1033 3208 1129 3270 adhue
1160 3213 1274 3284 exstat,

136 3311 264 3390 amplius
287 3325 353 3398 cam
368 3309 454 3370 ‘dicta
479 3327 585 3371 sorore
607 3310 767 3391 peccandi,
798 3329 814 3373 a
837 3312 993 3391 quibusvis
1016 3314 1175 3374 sententiis
1197 3328 1278 3372 ceu-

134 3417 232 3491 surls,
259 3418 290 3474 et
311 3417 418 3493 poenis
443 3412 669 3486 ecclesiasticis,
701 3418 818 3476 incestu
841 3420 871 3474 et
894 3414 1068 3476 excessibus
1097 3411 1273 3494 hujusmodi

133 3513 271 3578 absolvas
293 3514 348 3576 bac
368 3519 436 3575 vice
458 3519 489 3575 in
512 3514 607 3576 forma
630 3514 782 3577 Ecclesiae
805 3521 968 3593 consueta,
990 3517 1124 3598 injuncta
1147 3516 1219 3578 inde
1244 3520 1273 3578 ei

134 3725 219 3784 sione
235 3722 447 3784 Sacramentali
463 3725 652 3799 peccatorum
668 3738 802 3799 suorum,
827 3722 953 3805 singulis
976 3721 1092 3784 scilicet
1105 3720 1273 3794 mensibus,

134 3828 167 3886 ut
188 3828 355 3902 minimum,
378 3823 482 3900 semol,
506 3829 558 3886 aut
579 3827 698 3904 quoties
721 3824 773 3904 tibi
793 3825 953 3910 videbitur,
976 3829 1007 3884 et
1029 3823 1105 3900 aliis,
1130 3839 1209 3904 quae
1233 3823 1269 3884 de

129 3926 198 4006 jure
220 3925 331 3988 luerint
352 3925 546 4008 injungenda.
571 3925 713 4006 Domum,
733 3927 894 3992 dummodo
908 3926 1155 4008 impedimentum
1177 3944 1271 4009 prae-
