2742 4660
323 257 361 320 113
377 259 560 335 impedimentis
577 257 773 335 impedientibus
791 269 816 319 in
835 261 927 336 specie.
1151 249 1190 320 51

63 429 162 488 333133
184 441 272 504 quiam
296 441 357 486 non
380 425 545 488 admittitur
565 425 713 506 probati03
736 431 972 506 consequenter,
996 426 1047 489 ubi
1065 429 1115 510 jus
1137 428 1195 493 hoc

62 532 212 608 antiquum
235 531 337 612 viget,
371 547 430 591 non
461 529 617 592 audiretur
646 547 774 609 sponsus
804 547 959 608 asserens,
992 549 1026 594 33
1055 549 1193 610 sponsam

63 651 121 695 non
145 633 280 710 maritali,
306 631 360 694 sed
381 631 540 694 iomicario
564 633 661 694 solum
683 631 791 695 allecto
814 637 1003 717 cognovisse,
1027 641 1058 695 31
1080 641 1104 697 31
1128 655 1196 698 ma-

62 739 234 798 trimonium
257 734 448 798 contraberet
476 741 580 816 postea
603 753 670 796 oum
694 736 769 814 alia,
803 738 1033 817 compelleretur
1055 737 1092 799 ad
1121 737 1196 800 bane

61 838 268 916 deserendam,
293 845 323 900 31
345 838 566 900 adhaerendum
590 842 712 918 primae.
758 839 853 902 Habet
874 845 975 901 tamen
995 835 1196 920 praesumptio
1259 881 1261 886 -

60 947 115 1004 isia
138 942 236 1004 locum
258 942 353 1004 solum
377 945 408 1002 13
425 941 490 1004 1333
510 945 647 1020 externo,
672 961 733 1003 non
750 961 822 1004 vero
845 948 963 1005 interno
980 945 1197 1018 conscientiam

60 1064 128 1107 nam
152 1049 183 1106 in
206 1044 263 1107 hoc
281 1044 432 1126 judicatur
454 1045 618 1106 secundum
640 1049 685 1106 331
704 1050 871 1123 veritatem,
897 1053 926 1106 et
950 1065 1009 1109 non
1033 1045 1196 1108 secundum

60 1151 332 1228 praesumptiones
356 1152 380 1209 si
405 1148 450 1210 iris
472 1147 550 1208 aliud
575 1147 645 1227 quid
670 1153 891 1228 praesumatur,
915 1167 1003 1228 quam
1026 1147 1132 1210 lrabeat
1154 1152 1197 1208 rei

61 1255 184 1314 veritas.
223 1251 300 1312 Hinc
322 1256 345 1312 si
370 1267 497 1329 sponsus
520 1267 660 1328 sponsam
684 1269 789 1312 revera
813 1269 872 1312 333
897 1251 1033 1329 maritali,
1057 1251 1110 1313 sed
1134 1252 1199 1314 ior-

62 1359 178 1416 3133313
201 1352 309 1414 3113313
331 1357 482 1435 cognovit,
507 1356 538 1414 13
561 1352 625 1414 1333
648 1353 864 1432 poenitentiali,
888 1361 918 1414 et
936 1352 1035 1417 cora'm
1050 1353 1115 1415 Deo
1138 1370 1199 1415 non

62 1463 144 1520 esset
168 1460 403 1534 matrimonium,
434 1459 501 1535 quia
525 1455 600 1534 Papa
627 1473 684 1517 non
715 1460 812 1534 potest
834 1455 950 1533 lacere,
979 1463 1012 1516 31
1033 1459 1099 1520 sino
1122 1473 1199 1517 con-

61 1578 153 1622 sensu
172 1577 316 1639 expresso
330 1559 379 1619 vel
395 1563 485 1630 tacito
508 1561 546 1620 sit
561 1576 665 1619 verum
684 1563 903 1620 matrimonium
920 1561 1081 1640 (Faynan).
1107 1556 1201 1619 Vide-

61 1669 110 1725 tur
132 1667 234 1724 tamen
258 1662 324 1723 talis
347 1666 529 1723 conscientia
552 1661 701 1744 obligatus
724 1679 807 1740 esse,
838 1667 871 1723 ut
893 1679 959 1723 eam
982 1666 1013 1722 in
1035 1661 1200 1744 legitimam

60 1783 192 1828 uxorem
215 1769 355 1844 accipiat,
386 1783 445 1825 333
469 1763 565 1825 solum
593 1769 709 1826 ratione
736 1764 805 1824 iidei
833 1769 864 1824 13
887 1764 1073 1844 sponsalibus
1103 1764 1200 1841 datae,

62 1869 117 1930 scd
137 1871 240 1946 etiam,
265 1871 333 1947 quia
356 1874 484 1950 cogetur
500 1871 530 1928 13
550 1867 615 1930 loro
635 1873 760 1928 externo
780 1885 846 1928 cum
866 1887 901 1931 ea
917 1868 1098 1942 cohabitare,
1121 1864 1202 1946 quod

62 1976 130 2033 sino
153 1970 289 2050 periculo
312 1969 454 2032 laesionis
476 1974 679 2032 conscientiae
702 1974 814 2050 nequit.

151 2071 261 2135 Casus:
298 2073 398 2150 „Dum
421 2074 516 2134 Titius
540 2076 699 2134 contractis
730 2071 918 2154 sponsalibus
942 2091 1009 2134 cum
1033 2073 1137 2150 Anna,
1168 2090 1204 2133 ea

61 2181 159 2238 inuita
182 2178 331 2237 contraxit
351 2175 501 2254 sponsalia
519 2195 586 2236 cum
604 2175 706 2252 Maria,
732 2182 761 2236 et
780 2174 889 2236 deinde
911 2181 1068 2256 utramque
1087 2193 1205 2257 cogno-

63 2285 137 2354 scit,
167 2277 274 2357 copula
296 2275 346 2338 iiia
368 2275 465 2339 habita
489 2296 556 2340 cum
578 2278 670 2339 Maria
693 2295 752 2340 nou
776 2282 872 2358 potuit
895 2294 964 2339 esse
984 2282 1105 2359 signum
1128 2288 1206 2338 con-

63 2386 151 2446 tracti
177 2399 245 2442 cum
270 2397 304 2444 33
327 2383 523 2459 matrimonii,
554 2385 623 2461 quia
646 2381 794 2460 sponsalia
821 2398 947 2442 cumea
971 2379 1082 2444 1333131
1109 2379 1188 2442 nulla
1196 2398 1205 2455 3

136 2675 170 2712 ex
187 2656 308 2728 gravibus
326 2665 351 2708 31
369 2655 564 2726 praegnantibus
584 2657 681 2709 iudiciis
700 2656 793 2726 aliquid
813 2659 903 2722 iniert,
922 2671 951 2708 ac
970 2671 1016 2725 pro
1034 2659 1139 2708 veritate
1157 2665 1207 2706 tarn

137 2750 210 2798 33313
229 2743 326 2810 credat,
350 2753 381 2794 ut
397 2743 495 2794 nullam
517 2747 621 2812 ponitus
643 2747 670 2794 t'rs
694 2747 854 2795 contrarium
878 2743 1000 2794 admittat
1023 2739 1207 2809 3331311311331.

136 2857 174 2871 ι-
192 2831 363 2896 Praesumptio
385 2827 449 2892 juris
473 2837 511 2880 est
534 2829 678 2893 conjectura
697 2847 742 2882 seu
766 2831 864 2896 opinio,
889 2837 1010 2895 concepta
1033 2845 1047 2878 3
1068 2827 1154 2891 judice
1178 2843 1209 2878 ex

137 2918 343 2979 circumstantiis,
362 2931 428 2983 quae
443 2916 602 2984 singulariter
615 2924 733 2966 notantur
746 2925 770 2966 et
785 2917 959 2982 exprimuntur
975 2916 998 2963 in
1014 2912 1079 2978 jure.
1091 2941 1123 2952 -·
1133 2912 1210 2964 Proe-

138 3005 252 3070 sumpiio
268 3000 332 3066 juris
350 3010 446 3052 tantum
465 3011 516 3064 esi,
539 3001 640 3070 quando
655 3001 698 3065 jus
717 3001 801 3069 aliqua
819 3000 910 3052 indicia
928 3009 952 3052 et
970 3008 1117 3068 argumenta
1137 3015 1211 3050 assu-

139 3092 201 3151 mit,
227 3105 307 3157 eaque
325 3095 375 3137 iam
399 3087 440 3137 diu
465 3103 509 3154 pro
528 3090 593 3138 veris
612 3095 727 3154 reputat,
752 3086 833 3138 donec
851 3088 892 3138 vel
915 3086 1074 3139 adversarius
1097 3086 1212 3136 ostendat

139 3177 306 3236 contrarium,
324 3173 364 3224 vet
384 3177 552 3240 praesumptio
568 3173 675 3224 debilior
686 3189 730 3240 per
743 3173 871 3224 fortiorem
891 3180 1032 3223 enervetur.
1044 3201 1078 3209 -
1090 3171 1211 3234 Schmier,

141 3261 239 3328 133133.
259 3257 386 3310 03333133
403 3287 437 3297 -—-
456 3259 517 3309 curl.
537 3259 577 3310 lib.
589 3262 612 3310 2.
631 3277 652 3310 c.
663 3259 686 3309 8.
706 3259 765 3324 §.d
779 3258 818 3317 18,
837 3259 861 3322 §.
872 3259 895 3308 i.
908 3259 948 3308 29.
967 3259 995 3322 2)
1011 3257 1075 3320 Quid
1094 3266 1213 3324 operetur

143 3347 318 3416 praesumptio
334 3347 408 3408 juris
427 3353 450 3394 et
469 3345 596 3408 dejure?
627 3345 701 3412 Resp.
721 3343 892 3410 Praesumptio
906 3343 972 3408 juris
990 3352 1015 3394 et
1033 3344 1065 3394 de
1081 3343 1137 3408 jure
1155 3343 1213 3409 ple-

144 3437 252 3484 nissime
264 3431 361 3499 probat,
372 3430 487 3490 ,3331333
504 3435 531 3480 in
545 3430 879 3497 33313333333331311333Ἰ
894 3431 951 3498 quia
970 3429 1034 3480 baec
1044 3430 1214 3495 praesumptio

142 3521 171 3570 iu
192 3517 256 3581 juris
275 3517 439 3584 dispositione
463 3525 501 3566 331
519 3516 616 3567 elevata
640 3515 670 3565 ad
691 3531 835 3583 supremum
860 3533 941 3584 genus
965 3514 1134 3581 probationis,
1158 3528 1215 3562 cum

143 3605 245 3654 intersit
262 3601 425 3669 reipublicae,
443 3601 476 3652 ob
496 3599 622 3668 publicam
637 3604 747 3669 quietem
766 3601 822 3651 lites
839 3601 919 3664 liniri3
939 3602 1017 3666 potuit
1030 3613 1090 3649 vero
1107 3597 1148 3660 jus
1169 3596 1216 3646 hoc

143 3689 290 3755 disponere,
308 3705 366 3739 cunr
385 3703 473 3738 omnes
492 3686 664 3754 probationes,
688 3695 792 3754 excepta
810 3688 846 3738 rei
866 3685 993 3737 evidentia
1011 3687 1122 3736 nitantur
1140 3697 1217 3746 prae-

145 3775 288 3841 sumptione
307 3773 387 3839 juris,
410 3781 435 3824 et
452 3772 483 3824 ab
509 3789 539 3824 eo
557 3772 634 3824 robur
653 3776 790 3840 accipiant;
815 3772 983 3840 nequeenim
1007 3769 1058 3820 duo
1082 3776 1157 3818 testes
1175 3766 1218 3817 vei

143 3863 337 3912 instrumentum
355 3859 483 3926 publicum
501 3859 577 3926 plene
593 3862 725 3912 veritatem
741 3858 892 3926 probarent,
911 3859 959 3908 uisi
976 3855 1018 3918 jus
1036 3857 1070 3906 ita
1089 3861 1218 3912 statueret,

145 3963 203 3998 cum
223 3947 296 3998 eiiam
315 3945 384 4000 hisce
403 3955 487 4011 posset
505 3945 609 3998 subesse
627 3953 651 3998 ei
670 3946 814 4014 frequenter
832 3943 912 3996 subsit
928 3943 1031 3994 13131133.
1050 3939 1065 3991 1
1081 3957 1103 3992 c.
1122 3942 1218 3991 33312.

145 4034 170 4100 S.
188 4033 212 4085 3.
230 4048 256 4084 3.
276 4033 318 4084 to.

960 4110 1004 4174 411·
