2746 4646
164 215 205 282 74
425 233 462 285 lie
479 231 663 302 ImpedImcntis
681 229 875 300 impedientibus
894 233 919 282 iu
938 233 1031 298 specie.

250 391 324 453 haec
346 387 450 452 hahet:
483 389 539 469 „In
563 389 672 452 divinis
694 405 783 470 porro
806 407 873 450 cum
897 388 1057 450 haereticis
1080 391 1305 451 communicant

250 493 403 572 catholici,
436 499 485 574 qui
518 511 585 554 eum
617 493 722 554 iisdem
756 508 824 554 esse
855 495 1046 554 matrimonio
1075 493 1209 575 jungere
1243 509 1304 552 nou

174 647 178 662 ,
251 597 403 674 dubitant3
436 601 543 658 etenim
576 615 642 658 curn
676 599 894 657 matrimonium
928 613 1017 658 unum
1048 583 1087 656 sit
1116 613 1154 656 ex
1185 599 1303 674 septem

250 699 404 762 Ecclesiae
417 699 625 778 SacramentiS,
649 699 795 761 aGhristu
810 697 937 760 Domino
960 702 1113 776 institutis,
1139 697 1219 759 idern
1244 704 1301 775 est,

175 800 189 818 ⁷
250 805 469 864 matrimonium
498 821 564 863 cum
587 803 737 863 haeretico
761 800 953 877 contrahere,
985 815 1020 862 33
1042 819 1133 863 unum
1157 801 1302 879 idemque
1369 803 1370 806 ’

250 905 474 967 Sacramentum
506 921 562 966 una
590 923 657 966 cum
687 904 793 966 eodem
823 905 872 964 vel
901 903 1066 982 conficere,
1102 907 1127 965 si
1157 907 1303 964 nimirum

169 1081 170 1085 Ἰ
250 1011 370 1088 ipsimet
401 1005 610 1069 contrahentes
641 1011 700 1069 sint
728 1006 794 1068 talis
823 1006 1008 1070 sacramenti
1023 1009 1183 1083 ministri,
1217 1004 1301 1086 quod

251 1115 347 1192 magis
365 1115 564 1171 communiter
581 1115 738 1190 opinantur
752 1109 933 1185 scholastici,
959 1111 1008 1170 vel
1023 1109 1127 1171 saltem
1146 1112 1305 1188 percipere

251 1217 276 1276 si
300 1214 414 1274 sedicet
427 1213 506 1274 Illius
525 1217 660 1273 minister
677 1217 714 1273 sit
733 1213 814 1275 solus
837 1212 986 1275 sacerdos
1010 1212 1175 1294 Utrumque
1199 1216 1302 1275 autern

134 1325 137 1332 '
250 1323 280 1377 et
301 1315 436 1377 illicitum
460 1322 490 1376 et
513 1315 702 1398 sacrilegium
727 1333 795 1377 esse
818 1333 907 1376 nemo
930 1315 1052 1378 dubitat.
1069 1315 1092 1392 ¹)

254 1419 303 1482 III.
329 1419 406 1480 Hinc
434 1423 513 1498 patet
535 1421 731 1479 matrimoniis
760 1423 860 1480 mixtis
883 1409 1085 1481 obsistendum
1115 1435 1183 1479 3333
1211 1435 1303 1499 quam

167 1529 296 1585 maxime
319 1521 384 1583 heri
402 1525 508 1600 potest,
535 1539 632 1602 neque
655 1527 755 1584 tamen
778 1527 887 1584 nostris
910 1509 1085 1601 pracsertim
1104 1521 1209 1582 diebus
1232 1521 1302 1583 zelo

163 1627 343 1702 indiscreto,
374 1623 427 1686 sed
450 1627 543 1686 succi
559 1626 783 1704 prudentiane,
808 1631 839 1687 ut
861 1631 983 1686 monent
1005 1629 1062 1705 ipsi
1085 1625 1115 1688 S.
1138 1623 1299 1688 Pontifices

165 1729 233 1790 Pius
255 1727 318 1790 vti.
333 1730 374 1814 ,ln
396 1727 500 1804 Brevi,
532 1727 561 1790 8.
584 1727 683 1788 Octbr.
709 1727 807 1807 1813,
832 1735 862 1788 et
884 1729 952 1790 Pius
976 1727 1051 1792 VIII.
1076 1727 1113 1788 de
1136 1727 1186 1790 25.
1211 1727 1303 1789 Mart.

168 1827 259 1893 1830.
306 1830 439 1892 Piissima
469 1837 537 1892 sunt
566 1837 595 1890 et
624 1831 821 1910 pulcherrima
845 1831 935 1893 verha
958 1832 1104 1894 Praesulis
1132 1830 1301 1892 Olmucen-

165 1938 219 2019 sis,
240 1937 271 1993 in
295 1936 380 2012 epist.
397 1939 469 2012 past.
498 1929 579 1995 1833
603 1933 638 1994 ad
661 1934 819 2014 parochos:
845 1933 1133 2012 „Quemadmodum
1158 1937 1210 2011 ait,
1235 1933 1302 1995 sol-

164 2037 264 2097 licitus
293 2040 378 2114 pater
405 2035 498 2096 idiurn
528 2054 543 2096 3
574 2041 777 2115 matrimonio,
810 2037 890 2119 quod
918 2036 1015 2098 eldem
1045 2035 1208 2122 proficuum
1239 2053 1302 2096 non

165 2143 317 2221 agnoscit,
341 2142 495 2218 omnique
518 2143 616 2218 potest
634 2140 721 2201 modo
737 2139 918 2217 dehortatur,
943 2148 972 2199 et
996 2143 1114 2200 nonnisi
1132 2139 1182 2199 uhi
1199 2143 1301 2198 omnta

166 2247 336 2320 caruerunt,
360 2241 447 2320 cedd,
473 2245 512 2303 ita
535 2248 565 2300 et
587 2261 642 2303 vos
667 2288 672 2301 .
699 2261 705 2304 ;
730 2289 736 2304 .
761 2248 841 2325 agito
865 2247 894 2303 in
919 2259 972 2318 eo,
995 2241 1032 2302 de
1056 2259 1114 2320 quo
1137 2242 1300 2320 loquimur,

166 2349 309 2426 negotio:
333 2343 555 2421 Dehortamini,
579 2351 708 2424 monete,
732 2345 896 2422 obsecrate,
921 2345 1051 2425 pericula
1076 2349 1249 2418 monstrate,
1272 2349 1303 2402 ct

169 2453 309 2527 quantum
340 2452 437 2527 potest
466 2453 586 2530 rogate,
617 2452 642 2508 si
666 2451 732 2528 quis
754 2454 921 2510 vestrorum
951 2446 1076 2507 intendit
1104 2447 1164 2506 tale
1194 2447 1303 2506 matri-

167 2554 308 2614 monium.
335 2601 340 2614 .
367 2600 373 2613 .
399 2597 405 2610 .
431 2549 542 2622 Quodsi
567 2557 665 2612 tamen
682 2569 737 2612 vos
759 2569 819 2612 non
837 2551 971 2627 audiunt,
995 2553 1155 2630 pennittite
1179 2547 1303 2628 quidem

166 2669 218 2716 eos
241 2671 295 2734 pro
318 2653 540 2733 dispensatione
564 2703 570 2717 .
597 2703 603 2716 .
629 2704 634 2716 .
659 2654 821 2733 accedere,
848 2661 893 2715 ast
914 2655 1032 2716 studete
1056 2653 1165 2714 saltem
1185 2649 1303 2710 libero-

164 2775 230 2818 rum
253 2757 379 2820 sulutem
403 2773 456 2836 per
479 2757 686 2820 educationem
710 2764 740 2818 et
756 2757 940 2840 vigilantiam
960 2763 1089 2818 vestram
1115 2761 1199 2815 extra
1216 2757 1303 2832 peri-

165 2859 264 2920 culum
288 2857 443 2924 collocare.
466 2858 497 2922 Si
519 2873 602 2922 amor
620 2863 794 2940 animarum,
820 2879 873 2940 pro
888 2859 996 2941 quibus
1012 2859 1143 2921 Christus
1166 2861 1303 2918 mortuus

166 2967 221 3036 est,
244 2960 336 3022 luerit
355 2967 497 3024 motivum
515 2963 623 3024 laboris
641 2967 744 3041 vestri,
762 2964 844 3026 salus
865 2981 966 3026 earum
984 2965 1149 3043 praemium
1166 2963 1301 3021 vestrum

167 3063 295 3138 erIt.“²)

252 3167 299 3232 lV.
324 3167 459 3247 „Quodsi
482 3187 582 3232 rerum
606 3169 742 3251 adjuncta
765 3169 922 3249 aliquando
946 3167 1100 3243 suadeant,
1129 3183 1168 3226 ex
1190 3171 1301 3228 aucto-

166 3275 255 3334 riiute
277 3271 448 3352 Apostolica
472 3291 506 3334 33
535 3290 602 3334 3333
633 3271 845 3352 permIttenda,
875 3275 1010 3351 inprimis
1041 3269 1204 3332 curandum
1228 3273 1297 3345 erit,

166 3367 200 3437 ut
220 3379 421 3437 conscientiae
448 3379 599 3438 securitati
623 3381 653 3438 et
675 3376 768 3437 libero
796 3375 1123 3458 religionisexercitio
1147 3391 1163 3433 3
1187 3369 1302 3433 (latho-

167 3478 222 3541 lica
252 3484 342 3560 parte
367 3481 556 3558 consulatur,
590 3485 666 3541 sicut
696 3484 725 3538 et
755 3477 846 3557 prolis
877 3483 1032 3558 utriusque
1063 3493 1154 3538 sexus
1180 3478 1213 3535 in
1243 3473 1304 3535 tide

167 3581 312 3644 catholica
335 3583 503 3646 educationi
522 3583 646 3644 solemni
670 3599 771 3642 curam
787 3581 852 3644 Deo
875 3583 1073 3662 promissione
1095 3581 1132 3640 iis
1156 3576 1304 3638 derebus

168 3689 291 3760 emissa3
305 3703 396 3746 secus
410 3686 586 3747 nullatcnus
598 3685 700 3747 licebit
711 3685 868 3774 secerdoti
880 3687 920 3746 ils
936 3682 1096 3744 connubiis
1108 3674 1305 3754 adstare.“³)

194 3869 219 3935 ¹)
235 3869 327 3935 synod.
345 3868 459 3922 Dicaeos.
478 3868 520 3922 th.
539 3871 645 3922 hess.
666 3869 691 3922 3.

195 3957 217 4022 ²)
235 3954 317 4022 Feye,
337 3955 353 4007 l.
372 3971 394 4007 c.
413 3973 438 4022 p.
459 3955 515 4007 182.
534 3955 625 4007 liusico
643 3955 674 4006 II.
693 3971 717 4022 p.
737 3971 761 4024 p.
781 3955 838 4006 767.
861 4007 862 4010 ,
965 4013 988 4027 ι,
1102 4009 1105 4018 ,

196 4041 219 4110 ³)
238 4040 333 4096 Concil.
351 4040 479 4095 Baltimor.
498 4058 525 4111 p.
544 4041 601 4094 170.
781 4053 783 4060 ·
822 4047 845 4063 ·’
866 4034 876 4060 “’
907 4037 918 4060 ·’
1009 4040 1022 4060 ·’
1109 4047 1112 4056 ’
