<?xml version="1.0" encoding="UTF-8"?>
<!DOCTYPE html PUBLIC "-//W3C//DTD XHTML 1.0 Transitional//EN"
    "http://www.w3.org/TR/xhtml1/DTD/xhtml1-transitional.dtd">
<html xmlns="http://www.w3.org/1999/xhtml" xml:lang="en" lang="en">
 <head>
  <title>
</title>
<meta http-equiv="Content-Type" content="text/html;charset=utf-8" />
  <meta name='ocr-system' content='tesseract 3.04.00' />
  <meta name='ocr-capabilities' content='ocr_page ocr_carea ocr_par ocr_line ocrx_word'/>
</head>
<body>
  <div class='ocr_page' id='page_1' title='image "./dematrimoniotra00heisgoog_0400.png"; bbox 0 0 2736 4660; ppageno 0'>
   <div class='ocr_carea' id='block_1_1' title="bbox 513 117 1218 240">
    <p class='ocr_par' dir='ltr' id='par_1_1' title="bbox 513 117 1218 240">
     <span class='ocr_line' id='line_1_1' title="bbox 513 117 1218 240; baseline -0.003 -2"><span class='ocrx_word' id='word_1_1' title='bbox 513 117 598 238; x_wconf 69' lang='lat' dir='ltr'><strong>flamus</strong></span> <span class='ocrx_word' id='word_1_2' title='bbox 616 185 822 240; x_wconf 72' lang='lat' dir='ltr'><strong>matrimoniales·</strong></span> <span class='ocrx_word' id='word_1_3' title='bbox 1156 168 1218 237; x_wconf 71' lang='grc'><strong>375</strong></span> 
     </span>
    </p>
   </div>
   <div class='ocr_carea' id='block_1_2' title="bbox 84 339 1219 732">
    <p class='ocr_par' dir='ltr' id='par_1_2' title="bbox 84 339 1219 732">
     <span class='ocr_line' id='line_1_2' title="bbox 84 339 1218 422; baseline 0.003 -19"><span class='ocrx_word' id='word_1_4' title='bbox 84 340 145 403; x_wconf 91' lang='lat' dir='ltr'><strong>loci</strong></span> <span class='ocrx_word' id='word_1_5' title='bbox 168 343 388 404; x_wconf 72' lang='lat' dir='ltr'><strong>matrimonium</strong></span> <span class='ocrx_word' id='word_1_6' title='bbox 411 339 510 402; x_wconf 81' lang='lat' dir='ltr'>valide</span> <span class='ocrx_word' id='word_1_7' title='bbox 540 341 718 406; x_wconf 73' lang='lat' dir='ltr'><strong>contrahere</strong></span> <span class='ocrx_word' id='word_1_8' title='bbox 747 346 826 404; x_wconf 88' lang='lat' dir='ltr'><strong>inler</strong></span> <span class='ocrx_word' id='word_1_9' title='bbox 848 361 895 421; x_wconf 90' lang='lat' dir='ltr'><strong>se,</strong></span> <span class='ocrx_word' id='word_1_10' title='bbox 927 349 958 406; x_wconf 91' lang='lat' dir='ltr'><strong>et</strong></span> <span class='ocrx_word' id='word_1_11' title='bbox 980 342 1105 422; x_wconf 82' lang='lat' dir='ltr'>proinde</span> <span class='ocrx_word' id='word_1_12' title='bbox 1134 347 1160 404; x_wconf 94' lang='lat' dir='ltr'><strong>si</strong></span> <span class='ocrx_word' id='word_1_13' title='bbox 1185 347 1218 406; x_wconf 87' lang='lat' dir='ltr'><strong>ia</strong></span> 
     </span>
     <span class='ocr_line' id='line_1_3' title="bbox 85 443 1218 527; baseline 0.003 -23"><span class='ocrx_word' id='word_1_14' title='bbox 85 461 122 505; x_wconf 89' lang='lat' dir='ltr'><strong>eo</strong></span> <span class='ocrx_word' id='word_1_15' title='bbox 145 443 210 504; x_wconf 89' lang='lat' dir='ltr'><strong>loco</strong></span> <span class='ocrx_word' id='word_1_16' title='bbox 233 443 419 526; x_wconf 82' lang='lat' dir='ltr'><strong>promulgata</strong></span> <span class='ocrx_word' id='word_1_17' title='bbox 442 462 501 506; x_wconf 92' lang='lat' dir='ltr'><strong>non</strong></span> <span class='ocrx_word' id='word_1_18' title='bbox 523 451 562 508; x_wconf 90' lang='lat' dir='ltr'><strong>stt</strong></span> <span class='ocrx_word' id='word_1_19' title='bbox 584 445 634 506; x_wconf 90' lang='lat' dir='ltr'><strong>lex</strong></span> <span class='ocrx_word' id='word_1_20' title='bbox 649 443 816 508; x_wconf 84' lang='lat' dir='ltr'><strong>Tridentini</strong></span> <span class='ocrx_word' id='word_1_21' title='bbox 838 444 1055 527; x_wconf 81' lang='lat' dir='ltr'>praescribens,</span> <span class='ocrx_word' id='word_1_22' title='bbox 1080 445 1158 526; x_wconf 87' lang='lat' dir='ltr'><strong>quod</strong></span> <span class='ocrx_word' id='word_1_23' title='bbox 1181 446 1218 508; x_wconf 92' lang='lat' dir='ltr'><strong>ad</strong></span> 
     </span>
     <span class='ocr_line' id='line_1_4' title="bbox 84 545 1219 632; baseline 0.005 -26"><span class='ocrx_word' id='word_1_24' title='bbox 84 547 263 608; x_wconf 80' lang='lat' dir='ltr'><strong>matdmcnii</strong></span> <span class='ocrx_word' id='word_1_25' title='bbox 281 545 412 608; x_wconf 87' lang='lat' dir='ltr'><strong>valorem</strong></span> <span class='ocrx_word' id='word_1_26' title='bbox 428 554 597 628; x_wconf 84' lang='lat' dir='ltr'><strong>praesentia</strong></span> <span class='ocrx_word' id='word_1_27' title='bbox 614 550 734 632; x_wconf 83' lang='lat' dir='ltr'><strong>parochi</strong></span> <span class='ocrx_word' id='word_1_28' title='bbox 754 553 784 609; x_wconf 90' lang='lat' dir='ltr'><strong>ei</strong></span> <span class='ocrx_word' id='word_1_29' title='bbox 799 548 923 612; x_wconf 89' lang='lat' dir='ltr'><strong>ducrum</strong></span> <span class='ocrx_word' id='word_1_30' title='bbox 942 553 1062 612; x_wconf 78' lang='lat' dir='ltr'><strong>testium</strong></span> <span class='ocrx_word' id='word_1_31' title='bbox 1077 552 1219 629; x_wconf 83' lang='lat' dir='ltr'><strong>requira-</strong></span> 
     </span>
     <span class='ocr_line' id='line_1_5' title="bbox 84 649 1218 732; baseline 0.005 -24"><span class='ocrx_word' id='word_1_32' title='bbox 84 654 141 724; x_wconf 87' lang='lat' dir='ltr'><strong>tur,</strong></span> <span class='ocrx_word' id='word_1_33' title='bbox 167 651 383 712; x_wconf 74' lang='lat' dir='ltr'><strong>matrimonium</strong></span> <span class='ocrx_word' id='word_1_34' title='bbox 406 654 473 712; x_wconf 88' lang='lat' dir='ltr'><strong>sine</strong></span> <span class='ocrx_word' id='word_1_35' title='bbox 495 652 545 714; x_wconf 90' lang='lat' dir='ltr'><strong>tali</strong></span> <span class='ocrx_word' id='word_1_36' title='bbox 557 655 727 732; x_wconf 86' lang='lat' dir='ltr'><strong>praesentia</strong></span> <span class='ocrx_word' id='word_1_37' title='bbox 750 656 935 714; x_wconf 88' lang='lat' dir='ltr'><strong>contractum</strong></span> <span class='ocrx_word' id='word_1_38' title='bbox 959 651 1088 714; x_wconf 87' lang='lat' dir='ltr'><strong>validum</strong></span> <span class='ocrx_word' id='word_1_39' title='bbox 1111 649 1218 714; x_wconf 84' lang='lat' dir='ltr'><strong>dicen-</strong></span> 
     </span>
    </p>
   </div>
   <div class='ocr_carea' id='block_1_3' title="bbox 84 749 974 836">
    <p class='ocr_par' dir='ltr' id='par_1_3' title="bbox 84 749 974 836">
     <span class='ocr_line' id='line_1_6' title="bbox 84 749 974 836; baseline 0.004 -24"><span class='ocrx_word' id='word_1_40' title='bbox 84 751 154 814; x_wconf 87' lang='lat' dir='ltr'><strong>dum</strong></span> <span class='ocrx_word' id='word_1_41' title='bbox 176 757 233 830; x_wconf 88' lang='lat' dir='ltr'><strong>esi,</strong></span> <span class='ocrx_word' id='word_1_42' title='bbox 257 757 287 812; x_wconf 87' lang='lat' dir='ltr'><strong>ct</strong></span> <span class='ocrx_word' id='word_1_43' title='bbox 309 756 349 814; x_wconf 78' lang='lat' dir='ltr'><strong>ita</strong></span> <span class='ocrx_word' id='word_1_44' title='bbox 371 753 533 815; x_wconf 87' lang='lat' dir='ltr'><strong>declaravii</strong></span> <span class='ocrx_word' id='word_1_45' title='bbox 555 755 584 821; x_wconf 87' lang='lat' dir='ltr'><strong>S.</strong></span> <span class='ocrx_word' id='word_1_46' title='bbox 608 754 639 817; x_wconf 83' lang='lat' dir='ltr'><strong>C.</strong></span> <span class='ocrx_word' id='word_1_47' title='bbox 667 750 715 816; x_wconf 81' lang='grc'><strong>11.</strong></span> <span class='ocrx_word' id='word_1_48' title='bbox 738 755 818 836; x_wconf 65' lang='lat' dir='ltr'><strong>Aug,</strong></span> <span class='ocrx_word' id='word_1_49' title='bbox 846 749 925 816; x_wconf 76' lang='lat'>1627</span> <span class='ocrx_word' id='word_1_50' title='bbox 937 751 974 830; x_wconf 88' lang='lat'><strong>¹).</strong></span> 
     </span>
    </p>
   </div>
   <div class='ocr_carea' id='block_1_4' title="bbox 524 933 784 1050">
    <p class='ocr_par' dir='ltr' id='par_1_4' title="bbox 524 933 784 1050">
     <span class='ocr_line' id='line_1_7' title="bbox 524 933 784 1050; baseline -0.015 -6"><span class='ocrx_word' id='word_1_51' title='bbox 524 933 664 1045; x_wconf 82' lang='lat' dir='ltr'><strong>Casus</strong></span> <span class='ocrx_word' id='word_1_52' title='bbox 698 980 784 1050; x_wconf 79' lang='lat' dir='ltr'><strong>XLV,</strong></span> 
     </span>
    </p>
   </div>
   <div class='ocr_carea' id='block_1_5' title="bbox 551 1151 747 1229">
    <p class='ocr_par' dir='ltr' id='par_1_5' title="bbox 551 1151 747 1229">
     <span class='ocr_line' id='line_1_8' title="bbox 551 1151 747 1229; baseline 0.01 -15"><span class='ocrx_word' id='word_1_53' title='bbox 551 1151 747 1229; x_wconf 61' lang='lat' dir='ltr'><strong>sponsalia</strong></span> 
     </span>
    </p>
   </div>
   <div class='ocr_carea' id='block_1_6' title="bbox 37 1308 1256 2919">
    <p class='ocr_par' dir='ltr' id='par_1_6' title="bbox 78 1308 1256 2218">
     <span class='ocr_line' id='line_1_9' title="bbox 168 1308 1218 1395; baseline 0.004 -27"><span class='ocrx_word' id='word_1_54' title='bbox 168 1309 303 1371; x_wconf 87' lang='lat' dir='ltr'><strong>vicarius</strong></span> <span class='ocrx_word' id='word_1_55' title='bbox 333 1308 490 1374; x_wconf 76' lang='lat' dir='ltr'><strong>Generalis</strong></span> <span class='ocrx_word' id='word_1_56' title='bbox 519 1313 690 1395; x_wconf 87' lang='lat' dir='ltr'><strong>blajoricen.</strong></span> <span class='ocrx_word' id='word_1_57' title='bbox 721 1315 899 1374; x_wconf 78' lang='lat' dir='ltr'><strong>sententiam</strong></span> <span class='ocrx_word' id='word_1_58' title='bbox 930 1311 1053 1392; x_wconf 77' lang='lat' dir='ltr'><strong>protulit</strong></span> <span class='ocrx_word' id='word_1_59' title='bbox 1060 1356 1069 1389; x_wconf 87' lang='lat'><strong>,</strong></span> <span class='ocrx_word' id='word_1_60' title='bbox 1099 1315 1130 1374; x_wconf 90' lang='lat' dir='ltr'><strong>in</strong></span> <span class='ocrx_word' id='word_1_61' title='bbox 1161 1330 1218 1392; x_wconf 87' lang='lat' dir='ltr'><strong>qua</strong></span> 
     </span>
     <span class='ocr_line' id='line_1_10' title="bbox 79 1411 1219 1500; baseline 0.002 -28"><span class='ocrx_word' id='word_1_62' title='bbox 79 1411 244 1474; x_wconf 84' lang='lat' dir='ltr'><strong>declaravit</strong></span> <span class='ocrx_word' id='word_1_63' title='bbox 267 1411 520 1475; x_wconf 83' lang='lat' dir='ltr'><strong>condemnandam</strong></span> <span class='ocrx_word' id='word_1_64' title='bbox 545 1415 611 1477; x_wconf 87' lang='lat' dir='ltr'><strong>iore</strong></span> <span class='ocrx_word' id='word_1_65' title='bbox 634 1420 664 1476; x_wconf 90' lang='lat' dir='ltr'><strong>et</strong></span> <span class='ocrx_word' id='word_1_66' title='bbox 688 1431 755 1476; x_wconf 91' lang='lat' dir='ltr'><strong>esse</strong></span> <span class='ocrx_word' id='word_1_67' title='bbox 778 1413 939 1476; x_wconf 78' lang='lat' dir='ltr'><strong>Antoniam</strong></span> <span class='ocrx_word' id='word_1_68' title='bbox 961 1412 1085 1478; x_wconf 88' lang='lat' dir='ltr'><strong>Mariam</strong></span> <span class='ocrx_word' id='word_1_69' title='bbox 1098 1413 1219 1500; x_wconf 25' lang='lat' dir='ltr'><strong>‚blessa-</strong></span> 
     </span>
     <span class='ocr_line' id='line_1_11' title="bbox 79 1513 1219 1598; baseline 0.002 -22"><span class='ocrx_word' id='word_1_70' title='bbox 79 1532 136 1576; x_wconf 91' lang='lat' dir='ltr'><strong>nes</strong></span> <span class='ocrx_word' id='word_1_71' title='bbox 160 1513 196 1575; x_wconf 88' lang='lat' dir='ltr'><strong>ad</strong></span> <span class='ocrx_word' id='word_1_72' title='bbox 218 1514 454 1577; x_wconf 81' lang='lat' dir='ltr'><strong>contrahendum</strong></span> <span class='ocrx_word' id='word_1_73' title='bbox 477 1516 516 1578; x_wconf 93' lang='lat' dir='ltr'><strong>de</strong></span> <span class='ocrx_word' id='word_1_74' title='bbox 537 1523 686 1598; x_wconf 84' lang='lat' dir='ltr'><strong>praesenti</strong></span> <span class='ocrx_word' id='word_1_75' title='bbox 711 1520 932 1580; x_wconf 88' lang='lat' dir='ltr'><strong>matrimonium</strong></span> <span class='ocrx_word' id='word_1_76' title='bbox 956 1519 988 1578; x_wconf 91' lang='lat' dir='ltr'><strong>in</strong></span> <span class='ocrx_word' id='word_1_77' title='bbox 1012 1517 1088 1578; x_wconf 80' lang='lat' dir='ltr'><strong>facie</strong></span> <span class='ocrx_word' id='word_1_78' title='bbox 1109 1515 1219 1578; x_wconf 91' lang='lat' dir='ltr'><strong>Eccle-</strong></span> 
     </span>
     <span class='ocr_line' id='line_1_12' title="bbox 79 1617 1256 1704; baseline 0.003 -25"><span class='ocrx_word' id='word_1_79' title='bbox 79 1621 146 1679; x_wconf 90' lang='lat' dir='ltr'><strong>siae</strong></span> <span class='ocrx_word' id='word_1_80' title='bbox 177 1636 243 1680; x_wconf 89' lang='lat' dir='ltr'><strong>cum</strong></span> <span class='ocrx_word' id='word_1_81' title='bbox 276 1618 391 1680; x_wconf 87' lang='lat' dir='ltr'><strong>medico</strong></span> <span class='ocrx_word' id='word_1_82' title='bbox 419 1617 529 1683; x_wconf 86' lang='lat' dir='ltr'><strong>Mathia</strong></span> <span class='ocrx_word' id='word_1_83' title='bbox 558 1619 653 1704; x_wconf 79' lang='lat' dir='ltr'><strong>ang,</strong></span> <span class='ocrx_word' id='word_1_84' title='bbox 686 1621 739 1682; x_wconf 90' lang='lat' dir='ltr'><strong>sed</strong></span> <span class='ocrx_word' id='word_1_85' title='bbox 769 1623 945 1702; x_wconf 87' lang='lat' dir='ltr'><strong>interposita</strong></span> <span class='ocrx_word' id='word_1_86' title='bbox 975 1619 1171 1702; x_wconf 86' lang='lat' dir='ltr'><strong>appellatione</strong></span> <span class='ocrx_word' id='word_1_87' title='bbox 1202 1641 1218 1682; x_wconf 96' lang='lat' dir='ltr'><strong>a</strong></span> <span class='ocrx_word' id='word_1_88' title='bbox 1251 1681 1256 1694; x_wconf 84' lang='grc'><em>,</em></span> 
     </span>
     <span class='ocr_line' id='line_1_13' title="bbox 78 1712 1218 1802; baseline 0.002 -21"><span class='ocrx_word' id='word_1_89' title='bbox 78 1719 232 1802; x_wconf 90' lang='lat' dir='ltr'><strong>praedicta</strong></span> <span class='ocrx_word' id='word_1_90' title='bbox 256 1725 404 1784; x_wconf 87' lang='lat' dir='ltr'><strong>sententia</strong></span> <span class='ocrx_word' id='word_1_91' title='bbox 417 1712 511 1786; x_wconf 77' lang='lat' dir='ltr'><strong>causa</strong></span> <span class='ocrx_word' id='word_1_92' title='bbox 536 1723 675 1786; x_wconf 89' lang='lat' dir='ltr'><strong>devoluta</strong></span> <span class='ocrx_word' id='word_1_93' title='bbox 699 1729 745 1786; x_wconf 90' lang='lat' dir='ltr'><strong>est</strong></span> <span class='ocrx_word' id='word_1_94' title='bbox 768 1724 804 1786; x_wconf 91' lang='lat' dir='ltr'><strong>ad</strong></span> <span class='ocrx_word' id='word_1_95' title='bbox 827 1723 904 1785; x_wconf 88' lang='lat' dir='ltr'><strong>banc</strong></span> <span class='ocrx_word' id='word_1_96' title='bbox 919 1723 947 1788; x_wconf 87' lang='lat' dir='ltr'><strong>S.</strong></span> <span class='ocrx_word' id='word_1_97' title='bbox 972 1723 1002 1788; x_wconf 80' lang='lat'><strong>0.</strong></span> <span class='ocrx_word' id='word_1_98' title='bbox 1028 1772 1034 1786; x_wconf 93' lang='lat'><strong>.</strong></span> <span class='ocrx_word' id='word_1_99' title='bbox 1060 1775 1065 1786; x_wconf 90' lang='lat'>.</span> <span class='ocrx_word' id='word_1_100' title='bbox 1092 1769 1098 1782; x_wconf 90' lang='lat'><em>.</em></span> <span class='ocrx_word' id='word_1_101' title='bbox 1122 1721 1218 1795; x_wconf 82' lang='lat' dir='ltr'><strong>Ouid-</strong></span> 
     </span>
     <span class='ocr_line' id='line_1_14' title="bbox 79 1823 1217 1908; baseline -0.001 -22"><span class='ocrx_word' id='word_1_102' title='bbox 79 1823 154 1905; x_wconf 88' lang='lat' dir='ltr'><strong>quid</strong></span> <span class='ocrx_word' id='word_1_103' title='bbox 177 1829 275 1885; x_wconf 90' lang='lat' dir='ltr'><strong>autem</strong></span> <span class='ocrx_word' id='word_1_104' title='bbox 299 1829 337 1884; x_wconf 87' lang='lat' dir='ltr'><strong>sil</strong></span> <span class='ocrx_word' id='word_1_105' title='bbox 359 1823 397 1884; x_wconf 88' lang='lat' dir='ltr'><strong>de</strong></span> <span class='ocrx_word' id='word_1_106' title='bbox 419 1827 625 1906; x_wconf 89' lang='lat' dir='ltr'><strong>sponsalibus,</strong></span> <span class='ocrx_word' id='word_1_107' title='bbox 655 1823 789 1889; x_wconf 89' lang='lat' dir='ltr'><strong>scribens</strong></span> <span class='ocrx_word' id='word_1_108' title='bbox 818 1845 872 1908; x_wconf 92' lang='lat' dir='ltr'><strong>pro</strong></span> <span class='ocrx_word' id='word_1_109' title='bbox 894 1827 1025 1889; x_wconf 80' lang='lat' dir='ltr'><strong>Antonia</strong></span> <span class='ocrx_word' id='word_1_110' title='bbox 1054 1823 1217 1903; x_wconf 85' lang='lat' dir='ltr'><strong>contendit,</strong></span> 
     </span>
     <span class='ocr_line' id='line_1_15' title="bbox 78 1925 1215 2015; baseline 0 -27"><span class='ocrx_word' id='word_1_111' title='bbox 78 1946 141 1990; x_wconf 90' lang='lat' dir='ltr'><strong>non</strong></span> <span class='ocrx_word' id='word_1_112' title='bbox 171 1945 238 1991; x_wconf 89' lang='lat' dir='ltr'><strong>essa</strong></span> <span class='ocrx_word' id='word_1_113' title='bbox 265 1925 364 1989; x_wconf 90' lang='lat' dir='ltr'><strong>locum</strong></span> <span class='ocrx_word' id='word_1_114' title='bbox 389 1935 551 2007; x_wconf 83' lang='lat' dir='ltr'><strong>coactioni,</strong></span> <span class='ocrx_word' id='word_1_115' title='bbox 585 1937 645 1992; x_wconf 90' lang='lat' dir='ltr'><strong>tum</strong></span> <span class='ocrx_word' id='word_1_116' title='bbox 674 1934 743 2012; x_wconf 87' lang='lat' dir='ltr'><strong>quia</strong></span> <span class='ocrx_word' id='word_1_117' title='bbox 767 1934 866 2015; x_wconf 82' lang='lat' dir='ltr'><strong>agitur</strong></span> <span class='ocrx_word' id='word_1_118' title='bbox 888 1927 926 1992; x_wconf 92' lang='lat' dir='ltr'><strong>de</strong></span> <span class='ocrx_word' id='word_1_119' title='bbox 948 1927 1046 2011; x_wconf 87' lang='lat' dir='ltr'><strong>puella</strong></span> <span class='ocrx_word' id='word_1_120' title='bbox 1069 1945 1215 1990; x_wconf 89' lang='lat' dir='ltr'><strong>annorum</strong></span> 
     </span>
     <span class='ocr_line' id='line_1_16' title="bbox 80 2025 1216 2116; baseline -0.002 -24"><span class='ocrx_word' id='word_1_121' title='bbox 80 2025 132 2106; x_wconf 82' lang='lat'><strong>18,</strong></span> <span class='ocrx_word' id='word_1_122' title='bbox 156 2037 218 2094; x_wconf 85' lang='lat' dir='ltr'><strong>turn</strong></span> <span class='ocrx_word' id='word_1_123' title='bbox 242 2035 309 2112; x_wconf 87' lang='lat' dir='ltr'><strong>quia</strong></span> <span class='ocrx_word' id='word_1_124' title='bbox 333 2029 437 2092; x_wconf 89' lang='lat' dir='ltr'><strong>eadem</strong></span> <span class='ocrx_word' id='word_1_125' title='bbox 462 2032 562 2116; x_wconf 76' lang='lat' dir='ltr'><strong>lugam</strong></span> <span class='ocrx_word' id='word_1_126' title='bbox 587 2038 711 2116; x_wconf 86' lang='lat' dir='ltr'><strong>arripuit</strong></span> <span class='ocrx_word' id='word_1_127' title='bbox 733 2053 749 2096; x_wconf 91' lang='lat' dir='ltr'><strong>a</strong></span> <span class='ocrx_word' id='word_1_128' title='bbox 769 2034 862 2098; x_wconf 83' lang='lat' dir='ltr'><strong>&#39;domo</strong></span> <span class='ocrx_word' id='word_1_129' title='bbox 884 2039 1024 2114; x_wconf 87' lang='lat' dir='ltr'><strong>palerna,</strong></span> <span class='ocrx_word' id='word_1_130' title='bbox 1048 2033 1216 2096; x_wconf 82' lang='lat' dir='ltr'><strong>associante</strong></span> 
     </span>
     <span class='ocr_line' id='line_1_17' title="bbox 80 2129 923 2218; baseline 0.006 -24"><span class='ocrx_word' id='word_1_131' title='bbox 80 2133 173 2216; x_wconf 83' lang='lat' dir='ltr'><strong>Roig,</strong></span> <span class='ocrx_word' id='word_1_132' title='bbox 197 2137 243 2194; x_wconf 87' lang='lat' dir='ltr'><strong>iia</strong></span> <span class='ocrx_word' id='word_1_133' title='bbox 260 2137 293 2195; x_wconf 87' lang='lat' dir='ltr'><strong>ui</strong></span> <span class='ocrx_word' id='word_1_134' title='bbox 314 2151 422 2218; x_wconf 80' lang='lat' dir='ltr'><strong>magna</strong></span> <span class='ocrx_word' id='word_1_135' title='bbox 446 2139 578 2216; x_wconf 92' lang='lat' dir='ltr'><strong>suspicio</strong></span> <span class='ocrx_word' id='word_1_136' title='bbox 600 2141 639 2198; x_wconf 85' lang='lat' dir='ltr'><strong>sii</strong></span> <span class='ocrx_word' id='word_1_137' title='bbox 662 2133 857 2217; x_wconf 82' lang='lat' dir='ltr'><strong>deceptionis</strong></span> <span class='ocrx_word' id='word_1_138' title='bbox 921 2129 923 2136; x_wconf 70' lang='grc'><em>’</em></span> 
     </span>
    </p>

    <p class='ocr_par' dir='ltr' id='par_1_7' title="bbox 37 2223 1219 2919">
     <span class='ocr_line' id='line_1_18' title="bbox 128 2223 1217 2322; baseline 0 -24"><span class='ocrx_word' id='word_1_139' title='bbox 128 2299 129 2304; x_wconf 66' lang='grc'>,</span> <span class='ocrx_word' id='word_1_140' title='bbox 170 2235 328 2298; x_wconf 88' lang='lat' dir='ltr'><strong>Addu&#39;ntur</strong></span> <span class='ocrx_word' id='word_1_141' title='bbox 345 2256 454 2302; x_wconf 89' lang='lat' dir='ltr'><strong>causae</strong></span> <span class='ocrx_word' id='word_1_142' title='bbox 473 2259 489 2302; x_wconf 92' lang='lat' dir='ltr'><strong>a</strong></span> <span class='ocrx_word' id='word_1_143' title='bbox 505 2223 692 2319; x_wconf 85' lang='lat' dir='ltr'><strong>sponsalibus</strong></span> <span class='ocrx_word' id='word_1_144' title='bbox 711 2237 881 2320; x_wconf 86' lang='lat' dir='ltr'><strong>recedendi,</strong></span> <span class='ocrx_word' id='word_1_145' title='bbox 907 2245 937 2300; x_wconf 91' lang='lat' dir='ltr'><strong>et</strong></span> <span class='ocrx_word' id='word_1_146' title='bbox 952 2237 1107 2322; x_wconf 84' lang='lat' dir='ltr'><strong>signanter</strong></span> <span class='ocrx_word' id='word_1_147' title='bbox 1117 2237 1217 2300; x_wconf 90' lang='lat' dir='ltr'><strong>odium</strong></span> 
     </span>
     <span class='ocr_line' id='line_1_19' title="bbox 80 2329 1219 2424; baseline 0 -22"><span class='ocrx_word' id='word_1_148' title='bbox 80 2347 296 2421; x_wconf 88' lang='lat' dir='ltr'><strong>superventum</strong></span> <span class='ocrx_word' id='word_1_149' title='bbox 325 2343 405 2403; x_wconf 90' lang='lat' dir='ltr'><strong>inter</strong></span> <span class='ocrx_word' id='word_1_150' title='bbox 427 2341 589 2404; x_wconf 86' lang='lat' dir='ltr'><strong>Antoniam</strong></span> <span class='ocrx_word' id='word_1_151' title='bbox 621 2348 652 2403; x_wconf 83' lang='lat' dir='ltr'><strong>ei</strong></span> <span class='ocrx_word' id='word_1_152' title='bbox 672 2341 828 2421; x_wconf 82' lang='lat' dir='ltr'><strong>blatbiam,</strong></span> <span class='ocrx_word' id='word_1_153' title='bbox 863 2347 894 2404; x_wconf 89' lang='lat' dir='ltr'><strong>et</strong></span> <span class='ocrx_word' id='word_1_154' title='bbox 916 2341 997 2422; x_wconf 92' lang='lat' dir='ltr'><strong>quod</strong></span> <span class='ocrx_word' id='word_1_155' title='bbox 1023 2341 1110 2424; x_wconf 85' lang='lat' dir='ltr'><strong>juxta</strong></span> <span class='ocrx_word' id='word_1_156' title='bbox 1132 2329 1219 2423; x_wconf 83' lang='lat' dir='ltr'><strong>leges</strong></span> 
     </span>
     <span class='ocr_line' id='line_1_20' title="bbox 80 2443 1217 2528; baseline -0.001 -23"><span class='ocrx_word' id='word_1_157' title='bbox 80 2445 182 2527; x_wconf 81' lang='lat' dir='ltr'><strong>regni,</strong></span> <span class='ocrx_word' id='word_1_158' title='bbox 205 2443 416 2507; x_wconf 88' lang='lat' dir='ltr'><strong>contrahentes</strong></span> <span class='ocrx_word' id='word_1_159' title='bbox 439 2445 599 2528; x_wconf 87' lang='lat' dir='ltr'><strong>sponsalia,</strong></span> <span class='ocrx_word' id='word_1_160' title='bbox 623 2461 678 2507; x_wconf 91' lang='lat' dir='ltr'><strong>seu</strong></span> <span class='ocrx_word' id='word_1_161' title='bbox 694 2447 916 2508; x_wconf 87' lang='lat' dir='ltr'><strong>matrimonium</strong></span> <span class='ocrx_word' id='word_1_162' title='bbox 940 2443 1052 2524; x_wconf 89' lang='lat' dir='ltr'><strong>absque</strong></span> <span class='ocrx_word' id='word_1_163' title='bbox 1068 2459 1217 2512; x_wconf 75' lang='lat' dir='ltr'><strong>consensu</strong></span> 
     </span>
     <span class='ocr_line' id='line_1_21' title="bbox 80 2545 1218 2630; baseline -0.003 -22"><span class='ocrx_word' id='word_1_164' title='bbox 80 2552 255 2630; x_wconf 84' lang='lat' dir='ltr'><strong>parentum,</strong></span> <span class='ocrx_word' id='word_1_165' title='bbox 279 2545 355 2610; x_wconf 86' lang='lat' dir='ltr'><strong>ultra</strong></span> <span class='ocrx_word' id='word_1_166' title='bbox 379 2548 452 2610; x_wconf 89' lang='lat' dir='ltr'><strong>alias</strong></span> <span class='ocrx_word' id='word_1_167' title='bbox 476 2567 588 2630; x_wconf 89' lang='lat' dir='ltr'><strong>poenas</strong></span> <span class='ocrx_word' id='word_1_168' title='bbox 609 2547 781 2628; x_wconf 90' lang='lat' dir='ltr'><strong>corporales</strong></span> <span class='ocrx_word' id='word_1_169' title='bbox 804 2553 929 2628; x_wconf 88' lang='lat' dir='ltr'><strong>possunt</strong></span> <span class='ocrx_word' id='word_1_170' title='bbox 951 2545 1165 2625; x_wconf 84' lang='lat' dir='ltr'><strong>exhaeredari,</strong></span> <span class='ocrx_word' id='word_1_171' title='bbox 1188 2551 1218 2607; x_wconf 87' lang='lat' dir='ltr'><strong>et</strong></span> 
     </span>
     <span class='ocr_line' id='line_1_22' title="bbox 37 2649 1217 2734; baseline 0.003 -26"><span class='ocrx_word' id='word_1_172' title='bbox 37 2679 50 2708; x_wconf 54' lang='grc' dir='ltr'>ρ</span> <span class='ocrx_word' id='word_1_173' title='bbox 81 2654 220 2730; x_wconf 88' lang='lat' dir='ltr'><strong>quamvis</strong></span> <span class='ocrx_word' id='word_1_174' title='bbox 242 2651 407 2714; x_wconf 89' lang='lat' dir='ltr'><strong>consimilia</strong></span> <span class='ocrx_word' id='word_1_175' title='bbox 431 2657 549 2730; x_wconf 86' lang='lat' dir='ltr'><strong>statuta,</strong></span> <span class='ocrx_word' id='word_1_176' title='bbox 574 2655 678 2734; x_wconf 87' lang='lat' dir='ltr'><strong>utpote</strong></span> <span class='ocrx_word' id='word_1_177' title='bbox 700 2649 873 2730; x_wconf 85' lang='lat' dir='ltr'><strong>impediliva</strong></span> <span class='ocrx_word' id='word_1_178' title='bbox 896 2649 1042 2712; x_wconf 88' lang='lat' dir='ltr'><strong>libertatis</strong></span> <span class='ocrx_word' id='word_1_179' title='bbox 1058 2653 1217 2713; x_wconf 88' lang='lat' dir='ltr'><strong>matrimo-</strong></span> 
     </span>
     <span class='ocr_line' id='line_1_23' title="bbox 82 2751 1218 2838; baseline -0.003 -22"><span class='ocrx_word' id='word_1_180' title='bbox 82 2757 143 2827; x_wconf 91' lang='lat' dir='ltr'><strong>nii,</strong></span> <span class='ocrx_word' id='word_1_181' title='bbox 166 2757 226 2814; x_wconf 88' lang='lat' dir='ltr'><strong>sint</strong></span> <span class='ocrx_word' id='word_1_182' title='bbox 248 2751 394 2829; x_wconf 87' lang='lat' dir='ltr'><strong>invalida,</strong></span> <span class='ocrx_word' id='word_1_183' title='bbox 419 2772 459 2814; x_wconf 86' lang='lat' dir='ltr'><strong>ex</strong></span> <span class='ocrx_word' id='word_1_184' title='bbox 482 2757 526 2816; x_wconf 86' lang='lat' dir='ltr'><strong>eis</strong></span> <span class='ocrx_word' id='word_1_185' title='bbox 556 2759 656 2817; x_wconf 89' lang='lat' dir='ltr'><strong>tamen</strong></span> <span class='ocrx_word' id='word_1_186' title='bbox 684 2757 841 2838; x_wconf 83' lang='lat' dir='ltr'><strong>consurgit</strong></span> <span class='ocrx_word' id='word_1_187' title='bbox 869 2755 949 2835; x_wconf 88' lang='lat' dir='ltr'><strong>justa</strong></span> <span class='ocrx_word' id='word_1_188' title='bbox 972 2770 1061 2814; x_wconf 90' lang='lat' dir='ltr'><strong>causa</strong></span> <span class='ocrx_word' id='word_1_189' title='bbox 1083 2771 1100 2814; x_wconf 93' lang='lat' dir='ltr'><strong>a</strong></span> <span class='ocrx_word' id='word_1_190' title='bbox 1123 2769 1218 2832; x_wconf 89' lang='lat' dir='ltr'><strong>spon-</strong></span> 
     </span>
     <span class='ocr_line' id='line_1_24' title="bbox 82 2854 389 2919; baseline -0.003 0"><span class='ocrx_word' id='word_1_191' title='bbox 82 2855 196 2919; x_wconf 90' lang='lat' dir='ltr'><strong>salibus</strong></span> <span class='ocrx_word' id='word_1_192' title='bbox 219 2854 389 2918; x_wconf 88' lang='lat' dir='ltr'><strong>recedendi.</strong></span> 
     </span>
    </p>
   </div>
   <div class='ocr_carea' id='block_1_7' title="bbox 81 2945 1218 3474">
    <p class='ocr_par' dir='ltr' id='par_1_8' title="bbox 81 2945 1218 3474">
     <span class='ocr_line' id='line_1_25' title="bbox 169 2945 1215 3064; baseline -0.005 -24"><span class='ocrx_word' id='word_1_193' title='bbox 169 2975 197 3040; x_wconf 90' lang='lat' dir='ltr'><strong>S.</strong></span> <span class='ocrx_word' id='word_1_194' title='bbox 222 2975 253 3038; x_wconf 87' lang='lat' dir='ltr'><strong>C.</strong></span> <span class='ocrx_word' id='word_1_195' title='bbox 277 2975 367 3064; x_wconf 70' lang='lat' dir='ltr'><strong>(iad</strong></span> <span class='ocrx_word' id='word_1_196' title='bbox 391 2975 488 3056; x_wconf 89' lang='lat' dir='ltr'><strong>dubia,</strong></span> <span class='ocrx_word' id='word_1_197' title='bbox 517 2980 547 3056; x_wconf 91' lang='lat' dir='ltr'><strong>t)</strong></span> <span class='ocrx_word' id='word_1_198' title='bbox 579 2995 616 3040; x_wconf 92' lang='lat' dir='ltr'><strong>an</strong></span> <span class='ocrx_word' id='word_1_199' title='bbox 647 2945 765 3038; x_wconf 72' lang='lat' dir='ltr'><strong>constet</strong></span> <span class='ocrx_word' id='word_1_200' title='bbox 795 2976 833 3038; x_wconf 89' lang='lat' dir='ltr'><strong>dc</strong></span> <span class='ocrx_word' id='word_1_201' title='bbox 862 2975 1050 3056; x_wconf 90' lang='lat' dir='ltr'><strong>sponsalibus</strong></span> <span class='ocrx_word' id='word_1_202' title='bbox 1077 2978 1156 3036; x_wconf 84' lang='lat' dir='ltr'><strong>inter</strong></span> <span class='ocrx_word' id='word_1_203' title='bbox 1180 2973 1215 3036; x_wconf 82' lang='lat' dir='ltr'><strong>A.</strong></span> 
     </span>
     <span class='ocr_line' id='line_1_26' title="bbox 82 3077 1218 3162; baseline -0.004 -17"><span class='ocrx_word' id='word_1_204' title='bbox 82 3083 236 3146; x_wconf 80' lang='lat' dir='ltr'><strong>Massones</strong></span> <span class='ocrx_word' id='word_1_205' title='bbox 258 3084 288 3138; x_wconf 87' lang='lat' dir='ltr'><strong>et</strong></span> <span class='ocrx_word' id='word_1_206' title='bbox 310 3078 347 3141; x_wconf 86' lang='grc' dir='ltr'><strong>Μ.</strong></span> <span class='ocrx_word' id='word_1_207' title='bbox 372 3078 450 3162; x_wconf 84' lang='lat' dir='ltr'><strong>Roig</strong></span> <span class='ocrx_word' id='word_1_208' title='bbox 480 3085 510 3140; x_wconf 87' lang='lat' dir='ltr'><strong>et</strong></span> <span class='ocrx_word' id='word_1_209' title='bbox 533 3086 680 3162; x_wconf 86' lang='lat' dir='ltr'><strong>quatenus</strong></span> <span class='ocrx_word' id='word_1_210' title='bbox 703 3077 899 3158; x_wconf 75' lang='lat' dir='ltr'><strong>affirmative,</strong></span> <span class='ocrx_word' id='word_1_211' title='bbox 932 3079 969 3156; x_wconf 83' lang='lat'><strong>2)</strong></span> <span class='ocrx_word' id='word_1_212' title='bbox 991 3099 1031 3144; x_wconf 89' lang='lat' dir='ltr'><strong>an</strong></span> <span class='ocrx_word' id='word_1_213' title='bbox 1063 3082 1103 3140; x_wconf 90' lang='lat' dir='ltr'><strong>sit</strong></span> <span class='ocrx_word' id='word_1_214' title='bbox 1133 3077 1218 3140; x_wconf 89' lang='lat' dir='ltr'><strong>locus</strong></span> 
     </span>
     <span class='ocr_line' id='line_1_27' title="bbox 81 3179 1217 3265; baseline -0.007 -15"><span class='ocrx_word' id='word_1_215' title='bbox 81 3187 230 3250; x_wconf 88' lang='lat' dir='ltr'><strong>coactioni</strong></span> <span class='ocrx_word' id='word_1_216' title='bbox 252 3185 283 3244; x_wconf 89' lang='lat' dir='ltr'><strong>in</strong></span> <span class='ocrx_word' id='word_1_217' title='bbox 310 3199 394 3259; x_wconf 87' lang='lat' dir='ltr'><strong>casu,</strong></span> <span class='ocrx_word' id='word_1_218' title='bbox 420 3186 477 3244; x_wconf 88' lang='lat' dir='ltr'><strong>eto.</strong></span> <span class='ocrx_word' id='word_1_219' title='bbox 501 3181 655 3264; x_wconf 86' lang='lat' dir='ltr'><strong>respondit</strong></span> <span class='ocrx_word' id='word_1_220' title='bbox 677 3183 727 3246; x_wconf 88' lang='grc'><strong>24.</strong></span> <span class='ocrx_word' id='word_1_221' title='bbox 751 3182 836 3265; x_wconf 80' lang='lat' dir='ltr'><strong>April</strong></span> <span class='ocrx_word' id='word_1_222' title='bbox 861 3179 950 3246; x_wconf 81' lang='lat'><strong>1723.</strong></span> <span class='ocrx_word' id='word_1_223' title='bbox 994 3181 1065 3262; x_wconf 83' lang='lat' dir='ltr'><strong>„Ad</strong></span> <span class='ocrx_word' id='word_1_224' title='bbox 1088 3185 1217 3263; x_wconf 89' lang='lat' dir='ltr'><strong>primurn</strong></span> 
     </span>
     <span class='ocr_line' id='line_1_28' title="bbox 82 3283 1217 3376; baseline -0.008 -24"><span class='ocrx_word' id='word_1_225' title='bbox 82 3287 277 3376; x_wconf 83' lang='lat' dir='ltr'><strong>affirmative,</strong></span> <span class='ocrx_word' id='word_1_226' title='bbox 312 3284 349 3348; x_wconf 91' lang='lat' dir='ltr'><strong>ad</strong></span> <span class='ocrx_word' id='word_1_227' title='bbox 381 3284 546 3348; x_wconf 90' lang='lat' dir='ltr'><strong>secundum</strong></span> <span class='ocrx_word' id='word_1_228' title='bbox 578 3291 733 3370; x_wconf 79' lang='lat' dir='ltr'><strong>negativo,</strong></span> <span class='ocrx_word' id='word_1_229' title='bbox 766 3287 820 3350; x_wconf 89' lang='lat' dir='ltr'><strong>scd</strong></span> <span class='ocrx_word' id='word_1_230' title='bbox 851 3304 920 3350; x_wconf 88' lang='lat' dir='ltr'><strong>esse</strong></span> <span class='ocrx_word' id='word_1_231' title='bbox 954 3283 1155 3362; x_wconf 84' lang='lat' dir='ltr'><strong>monendum,</strong></span> <span class='ocrx_word' id='word_1_232' title='bbox 1187 3288 1217 3344; x_wconf 90' lang='lat' dir='ltr'><strong>et</strong></span> 
     </span>
     <span class='ocr_line' id='line_1_29' title="bbox 82 3385 277 3474; baseline -0.015 -18"><span class='ocrx_word' id='word_1_233' title='bbox 82 3389 241 3474; x_wconf 71' lang='lat' dir='ltr'><strong>amptiusf‘</strong></span> <span class='ocrx_word' id='word_1_234' title='bbox 250 3385 277 3464; x_wconf 85' lang='lat'><strong>²)</strong></span> 
     </span>
    </p>
   </div>
   <div class='ocr_carea' id='block_1_8' title="bbox 83 3557 288 3593">
    <p class='ocr_par' dir='ltr' id='par_1_9' title="bbox 83 3557 288 3593">
     <span class='ocr_line' id='line_1_30' title="bbox 83 3557 288 3593; baseline 0 -21"><span class='ocrx_word' id='word_1_235' title='bbox 83 3557 288 3593; x_wconf 32' lang='lat' dir='ltr'><strong>*m</strong></span> 
     </span>
    </p>
   </div>
   <div class='ocr_carea' id='block_1_9' title="bbox 109 3602 911 3802">
    <p class='ocr_par' dir='ltr' id='par_1_10' title="bbox 109 3602 911 3802">
     <span class='ocr_line' id='line_1_31' title="bbox 112 3602 911 3715; baseline -0.005 -15"><span class='ocrx_word' id='word_1_236' title='bbox 112 3649 134 3715; x_wconf 69' lang='grc'><strong>1)</strong></span> <span class='ocrx_word' id='word_1_237' title='bbox 153 3647 233 3700; x_wconf 81' lang='lat' dir='ltr'><strong>Carus</strong></span> <span class='ocrx_word' id='word_1_238' title='bbox 251 3645 433 3698; x_wconf 80' lang='lat' dir='ltr'><strong>Conscientiae.</strong></span> <span class='ocrx_word' id='word_1_239' title='bbox 451 3644 545 3698; x_wconf 81' lang='lat' dir='ltr'><strong>Bened.</strong></span> <span class='ocrx_word' id='word_1_240' title='bbox 563 3643 628 3696; x_wconf 83' lang='lat' dir='ltr'><strong>xiv.</strong></span> <span class='ocrx_word' id='word_1_241' title='bbox 646 3643 696 3695; x_wconf 81' lang='lat' dir='ltr'><strong>vot.</strong></span> <span class='ocrx_word' id='word_1_242' title='bbox 715 3645 734 3694; x_wconf 91' lang='lat' dir='ltr'><strong>l.</strong></span> <span class='ocrx_word' id='word_1_243' title='bbox 754 3661 777 3712; x_wconf 90' lang='lat' dir='ltr'><strong>p.</strong></span> <span class='ocrx_word' id='word_1_244' title='bbox 796 3647 855 3697; x_wconf 82' lang='grc'><strong>277.</strong></span> <span class='ocrx_word' id='word_1_245' title='bbox 908 3602 911 3607; x_wconf 22' lang='lat'>¹</span> 
     </span>
     <span class='ocr_line' id='line_1_32' title="bbox 109 3729 803 3802; baseline -0.014 -13"><span class='ocrx_word' id='word_1_246' title='bbox 109 3737 132 3802; x_wconf 85' lang='lat'><strong>²)</strong></span> <span class='ocrx_word' id='word_1_247' title='bbox 149 3733 268 3788; x_wconf 78' lang='lat' dir='ltr'><strong>Tbcaaur.</strong></span> <span class='ocrx_word' id='word_1_248' title='bbox 287 3730 361 3786; x_wconf 70' lang='lat' dir='ltr'><strong>rocol.</strong></span> <span class='ocrx_word' id='word_1_249' title='bbox 381 3730 409 3784; x_wconf 71' lang='grc' dir='ltr'><strong>(λ</strong></span> <span class='ocrx_word' id='word_1_250' title='bbox 428 3729 538 3797; x_wconf 85' lang='lat' dir='ltr'><strong>ltajorio.</strong></span> <span class='ocrx_word' id='word_1_251' title='bbox 556 3731 605 3786; x_wconf 85' lang='lat' dir='ltr'><strong>voi.</strong></span> <span class='ocrx_word' id='word_1_252' title='bbox 623 3733 648 3792; x_wconf 83' lang='lat'><strong>2,</strong></span> <span class='ocrx_word' id='word_1_253' title='bbox 668 3732 727 3791; x_wconf 80' lang='lat'><strong>300,</strong></span> <span class='ocrx_word' id='word_1_254' title='bbox 745 3729 803 3786; x_wconf 78' lang='lat'><strong>302.</strong></span> 
     </span>
    </p>
   </div>
   <div class='ocr_carea' id='block_1_10' title="bbox 0 0 1378 4660">
    <p class='ocr_par' dir='ltr' id='par_1_11' title="bbox 0 0 1378 4660">
     <span class='ocr_line' id='line_1_33' title="bbox 0 0 1378 4660; baseline 0 0"><span class='ocrx_word' id='word_1_255' title='bbox 0 0 1378 4660; x_wconf 95' lang='lat' dir='ltr'><strong> </strong></span> 
     </span>
    </p>
   </div>
  </div>
 </body>
</html>
