2746 4646
294 201 333 253 oe
348 199 538 270 superruens·
556 199 742 251 mammonin·
764 195 947 254 uaumotm.
966 207 969 222 .
1122 179 1180 248 tii

42 361 180 441 perfecte
201 357 324 422 educata
347 363 400 438 sit,
431 365 524 442 utque
546 359 585 422 ob
607 359 712 420 uxoris
735 360 868 435 senium,
898 357 1102 437 sterilitatem,
1127 363 1184 420 etc.

44 465 125 528 nulla
158 481 229 544 spes
259 467 297 524 sit
328 463 521 545 generandae
548 461 651 544 prolis.
696 459 821 540 Insuper
849 465 964 522 certum
994 466 1058 538 est,
1088 461 1183 523 Deum

43 567 239 647 dispensasse
260 569 292 626 in
313 563 369 626 bac
391 566 460 648 lege
489 585 557 628 cum
581 563 716 642 ludaeis,
750 562 828 642 quod
852 562 916 624 lieri
945 581 1005 626 non
1027 569 1183 644 potuisset,

43 677 67 732 si
92 669 204 734 solutio
215 671 393 730 matrimonii
416 669 487 752 lege
498 669 624 732 naturali
648 671 768 748 proprie
783 667 1042 730 dictaecontrarla
1065 665 1182 742 cased).

44 775 159 836 Doctor
180 768 367 855 angelicus²i
391 770 429 833 de
445 771 499 834 hac
521 790 555 834 re
576 771 724 835 subtiliter
746 769 878 851 loquitur
899 767 1072 836 hisverbis:
1098 771 1184 850 „Lex

45 875 189 936 naturalis
210 873 283 934 nibil
305 873 386 936 aliud
409 880 472 953 est,
500 891 588 956 quam
607 877 768 954 ¹conceptio
797 871 909 935 homini
933 873 1109 936 naturaliter
1130 877 1182 936 iu·-

46 969 118 1055 dlta,
141 995 200 1058 qua
222 976 362 1060 dirigitur
389 978 427 1038 ad
449 983 666 1042 convenienter
687 975 836 1060 agendum
866 979 897 1038 iu
920 977 1086 1039 actionibus
1110 995 1184 1058 pro·-

47 1085 129 1161 priis.
173 1080 270 1143 Omne
292 1086 391 1142 autem
415 1081 498 1158 iliud,
523 1080 602 1161 quod
625 1084 773 1142 actionem
796 1083 1060 1143 inconvenientem
1083 1079 1182 1142 reddit

47 1185 109 1262 lini,
134 1193 223 1264 quem
237 1187 342 1244 natura
365 1202 404 1244 cx
426 1201 517 1264 opere
540 1181 640 1264 aliquo
663 1184 799 1259 intendit,
824 1188 926 1246 contra
945 1183 1043 1268 legem
1060 1189 1184 1246 naturae

47 1305 114 1350 esse
139 1287 256 1350 dicitur.
302 1285 401 1348 l’oiest
429 1291 529 1348 autem
557 1291 635 1348 actio
657 1302 725 1347 esse
754 1303 814 1347 non
843 1290 1028 1348 conveniens
1059 1285 1112 1347 fini
1134 1286 1182 1348 vel

46 1389 221 1470 principali,
251 1387 300 1449 vel
322 1389 518 1465 secundario,
546 1391 837 1468 acernaacerna
860 1394 920 1467 sic,
952 1388 1009 1451 boc
1038 1389 1185 1472 contingit
1243 1415 1252 1424 ·

46 1493 212 1573 dupliciter.
257 1489 324 1552 Uno
354 1491 443 1552 modo
472 1509 511 1552 ex
533 1493 648 1572 aliquo,
679 1493 759 1573 quod
788 1497 911 1556 omnino
934 1491 1058 1572 impedit
1082 1491 1182 1570 inem,

44 1597 102 1658 alio
127 1595 217 1659 modo
247 1612 286 1656 ex
307 1594 421 1675 aliquo,
452 1595 531 1676 quod
561 1595 632 1658 iacit
654 1594 805 1658 difficilem
829 1602 880 1660 aut
907 1599 1005 1657 minus
1028 1594 1184 1658 decentem

46 1703 274 1778 perventionem
299 1697 336 1758 ad
366 1697 457 1758 dnem
491 1698 683 1778 principalem
714 1699 762 1760 vel
794 1699 1003 1762 secundarium
1011 1717 1021 1774 ;
1051 1702 1078 1760 sl
1109 1716 1184 1784 orgo

45 1807 123 1865 ectio
147 1806 187 1863 sit
208 1805 423 1862 inconveniens
445 1799 511 1878 lini,
541 1806 626 1881 quasi
649 1805 773 1863 omnino
797 1801 957 1882 prohibens
984 1799 1073 1862 linem
1096 1805 1183 1882 prin-

45 1904 182 1985 cipalem,
206 1903 318 1965 directe
342 1921 395 1984 per
416 1904 517 1986 legem
540 1910 663 1967 naturae
686 1905 860 1986 prohibetur
882 1908 984 1985 primis
1014 1909 1181 1985 praeceptis

46 2009 124 2091 legis
147 2013 291 2084 naturae,
314 2026 393 2089 quae
415 2013 485 2068 sunt
506 2012 537 2068 in
559 2007 768 2088 operabiltbus,
793 2012 870 2070 sicut
892 2025 1068 2070 communes
1089 2011 1180 2069 animi

46 2115 260 2190 conceptiones
282 2113 313 2172 11
328 2110 527 2191 speculativis.
553 2109 583 2174 Si
606 2117 705 2174 autem
729 2115 768 2172 sit
778 2115 982 2192 incompetens
998 2110 1048 2174 lini
1072 2127 1186 2184 secum

47 2214 130 2276 dario
162 2225 351 2294 quocumque
384 2213 487 2292 modo,
518 2219 569 2277 aul
591 2219 681 2276 etiam
705 2214 877 2295 principali,
910 2219 942 2275 ut
963 2213 1077 2276 ludens
1100 2211 1184 2280 11111·

48 2319 149 2395 cilem,
182 2316 230 2377 vel
254 2320 351 2377 minus
373 2333 538 2399 congruam
560 2321 789 2398 perventionem
813 2317 849 2379 ad
873 2321 986 2396 ipsum,
1011 2315 1185 2397 prohibetur

48 2439 106 2482 non
130 2419 250 2499 quidem
274 2421 377 2497 primis
398 2424 568 2500 praeceptis
590 2421 666 2502 legis
689 2426 824 2498 naturae,
848 2418 902 2482 sed
924 2419 1084 2497 secundis,
1108 2436 1185 2500 quae

49 2541 86 2584 ex
110 2527 214 2603 primis
237 2520 418 2599 derivantur,
443 2525 521 2584 sicut
543 2523 755 2586 conclusiones
777 2527 810 2584 in
831 2523 1023 2604 speculativis
1046 2539 1085 2582 err
1099 2525 1185 2603 prin-

49 2631 132 2707 cipiis
156 2643 211 2707 per
233 2641 266 2687 se
290 2629 368 2690 uotis
391 2624 479 2686 iidem
503 2624 628 2686 babent.
644 2674 671 2690 ..
715 2625 766 2687 llla
789 2631 898 2705 autem,
923 2641 1000 2706 quae
1023 2624 1186 2687 11111111-

48 2731 117 2791 ralis
145 2728 256 2804 dictat,
286 2733 370 2809 quasi
394 2746 433 2789 ex
463 2732 616 2808 principiis
648 2732 751 2808 primis
780 2730 856 2812 legis
883 2733 1009 2790 naturae
1039 2727 1184 2806 derivata,

49 2851 105 2895 non
129 2831 240 2895 babent
262 2835 322 2892 vim
352 2836 515 2894 coactivam
549 2849 601 2912 per
625 2829 745 2893 modum
769 2835 917 2914 praecepti
947 2829 1098 2908 absolute,
1128 2834 1186 2894 nisi

48 2941 111 3016 post
135 2953 225 3016 quam
248 2934 318 3018 lege
341 2934 443 2996 diviua
466 2933 631 2996 etbumana
649 2939 763 2996 sancita
786 2933 902 3010 sunl³p
937 2932 1062 2996 Videtur
1084 2939 1184 2996 autern

48 3036 283 3118 inseparabilitas
311 3041 492 3102 matrimonii
519 3040 599 3098 inter
621 3037 753 3100 secunda
776 3043 932 3118 praecepta
961 3035 1039 3121 logis
1062 3044 1187 3104 naturae

48 3145 213 3215 contineri3
245 3141 482 3220 inseparabilitas
504 3144 583 3202 onim
607 3143 787 3202 matrimonii
811 3157 872 3202 non
893 3137 1047 3202 ordinatur
1068 3141 1106 3209 ad
1129 3141 1188 3204 bo·

48 3263 116 3306 uum
141 3243 234 3324 prolis
257 3244 349 3322 (quod
372 3249 419 3306 est
440 3243 612 3325 principalis
634 3247 814 3306 matrimonii
838 3241 938 3320 linis),
962 3246 1019 3305 nisi
1042 3249 1186 3325 qnantum

48 3347 81 3410 ad
102 3345 174 3434 boc,
205 3345 284 3428 quod
314 3361 368 3426 per
390 3351 530 3428 parentes
552 3345 702 3428 provideri
731 3345 820 3408 debet
847 3349 879 3408 in
903 3349 993 3409 totam
1017 3350 1107 3408 vitam
1132 3364 1186 3426 per

75 3550 96 3615 ¹)
114 3549 156 3601 Sic
174 3547 314 3615 baymann,
333 3549 456 3614 Sanchez,
473 3549 608 3604 Bellarmin
627 3560 652 3603 et
671 3551 713 3604 alii
731 3526 904 3604 communium

74 3636 95 3701 ²)
113 3636 138 3687 S.
156 3635 243 3686 Thorn.
261 3635 342 3703 suppl.
361 3653 386 3705 q.
406 3638 448 3688 65.
466 3653 489 3688 1.
510 3637 531 3689 1.

75 3721 96 3788 ³)
114 3721 251 3785 „Secunda
269 3723 335 3774 enim
357 3721 420 3791 legis
438 3729 542 3776 natume
562 3731 696 3792 praecepta
714 3725 843 3776 continent
861 3719 961 3791 quidem
980 3719 1093 3790 rapulam
1111 3723 1188 3774 recti-

115 3807 224 3871 tudinis,
248 3807 292 3858 sed
311 3807 446 3878 aliquando
465 3812 566 3862 11111111
584 3811 779 3861 circumstantiis
797 3825 881 3860 rerum
900 3816 925 3860 et
943 3823 1107 3876 personarum
1126 3808 1187 3860 utile

116 3903 152 3945 est
174 3891 258 3972 legem
283 3897 389 3959 mutari,
415 3895 460 3946 aed
485 3905 569 3948 tamen
593 3903 653 3947 tunc
676 3897 766 3947 mutari
784 3911 835 3948 uon
854 3903 935 3964 potest
958 3893 1121 3958 11111111,
1144 3895 1187 3962 qui

115 3979 181 4034 illam
200 3982 314 4054 posuit.“
338 3979 452 4034 setam
