2742 4660
163 186 205 254 58
423 202 461 254 lle
478 201 664 275 impedimentis
681 203 875 272 impedientibus
894 206 921 258 in
939 206 1035 274 specie.

76 331 86 346 ⁶
162 365 195 423 in
217 359 336 424 domum
365 359 591 436 eleccionem,
623 367 761 424 convivia
788 360 990 442 splendidiora
1020 367 1051 424 et
1072 361 1130 428 alia
1159 361 1303 444 profanae

162 464 293 528 laetitiae
315 468 411 546 signa.
443 463 492 526 An
507 481 581 526 vero
604 467 694 526 etiam
719 464 866 529 traductio
888 482 1018 546 sponsae
1039 469 1071 532 iu
1094 465 1215 530 domam
1238 473 1303 547 pri-

87 638 88 642 ,
162 572 230 630 vata
253 569 493 648 matrimoniique
515 571 731 633 corisummalio
753 571 793 628 sit
813 567 970 632 interdicta
998 584 1038 631 es
1060 567 1131 652 lege
1154 568 1302 634 ccclesia-

160 673 248 748 atica,
270 673 467 732 communiter
491 676 627 752 negatur,
651 669 926 734 cunundicentibus
948 675 1048 734 umen
1069 670 1137 732 aliis
1152 689 1214 736 non
1234 676 1302 736 sine

159 776 247 854 gravi
270 777 397 849 ratione,
423 777 450 832 si
472 771 571 832 verba
586 772 662 856 legis
685 777 826 852 antiquae
848 777 970 834 strictae
991 776 1053 836 sint
1073 778 1302 854 interpretatio-

162 871 253 948 nis.¹)
276 872 335 936 Sed
351 872 495 955 quidquid
513 879 552 936 sit
570 874 608 936 de
626 875 696 956 June
712 878 845 955 antiquo,
868 879 980 939 attenta
996 893 1145 938 canonum
1163 882 1301 961 rigoroso

154 968 369 1060 'expressione
392 977 449 1040 huc
471 983 585 1040 certum
608 983 672 1052 est,
694 976 785 1039 hodie
802 978 865 1058 juri
887 982 1010 1058 antiquo
1033 995 1102 1040 csse
1124 977 1300 1063 derogatum

161 1095 216 1158 per
238 1083 514 1158 interpretationem
537 1084 687 1142 mitiorem
709 1079 928 1142 consuetudine
949 1079 1120 1158 inductam,
1153 1087 1202 1144 cui
1225 1100 1300 1144 sen-

161 1185 273 1242 tentiae
300 1187 388 1243 etiam
417 1181 597 1245 Benedictus
625 1181 701 1246 XlV.
731 1188 896 1262 consentit,
926 1182 1063 1246 referens
1092 1183 1122 1248 S.
1148 1185 1178 1248 C.
1201 1185 1233 1248 C.
1264 1186 1302 1247 ad

161 1281 294 1362 dubium,
318 1303 356 1346 an
373 1287 519 1366 permissa
533 1290 573 1348 sit
591 1285 736 1350 traductio
753 1303 881 1366 sponsae
900 1286 937 1348 ad
952 1287 1073 1349 domum
1090 1290 1158 1366 viri,
1170 1305 1301 1368 respon-

160 1385 254 1452 disse:
287 1385 517 1466 ‚‚Affirmoliuc,
539 1389 701 1452 durnmodo
724 1389 880 1451 traductio
900 1389 958 1466 fiat
980 1389 1098 1468 absque
1120 1389 1303 1452 solemnita-

167 1491 291 1564 tibus,·“
315 1490 518 1571 quamobrem,
542 1497 585 1555 ait
605 1493 685 1554 idem
708 1497 823 1571 auctor,
846 1509 935 1555 nemo
957 1497 989 1554 in
1012 1497 1165 1572 posterum
1184 1491 1243 1554 hac
1265 1493 1304 1556 de

161 1610 251 1654 causa
275 1610 331 1654 nec
352 1591 410 1654 sibi
433 1611 490 1656 nee
511 1595 579 1658 aliis
602 1595 780 1680 religionem
803 1599 854 1658 aut
874 1593 1047 1678 scrupulum
1069 1593 1230 1678 injiciat.²)

248 1694 296 1758 lll.
319 1693 426 1758 Modus
449 1703 562 1772 autern,
590 1704 788 1764 matrimoniis
819 1705 955 1780 tempore
978 1697 1084 1760 feriato
1107 1715 1146 1762 cx
1168 1717 1303 1761 consuc-

166 1797 269 1860 tudinc
291 1803 342 1860 aut
364 1797 586 1880 dispensatione
608 1801 747 1864 admissis
768 1800 938 1880 assistendi,
959 1802 1044 1882 juxta
1068 1797 1212 1863 herredict
1225 1801 1301 1864 XlV.

160 1905 193 1963 in
215 1899 272 1966 hoc
294 1907 460 1965 consistere
482 1902 585 1981 debet,
614 1909 647 1968 ut
668 1910 838 1969 contractus
860 1907 1046 1968 matrimonii
1073 1908 1138 1988 ipsc
1161 1908 1193 1966 in
1224 1904 1303 1968 facie

188 2175 212 2242 1)
230 2175 282 2227 Nec
299 2183 396 2226 tantum
407 2176 599 2240 traductionem,
617 2193 682 2247 quac
698 2177 726 2228 lit
742 2193 799 2230 cum
812 2177 980 2239 solemnitate,
999 2175 1043 2226 scd
1060 2191 1237 2245 quumensuque
1249 2184 1302 2227 tru-

233 2260 376 2314 ductionem
396 2265 479 2314 uxoris
497 2262 529 2314 nd
548 2263 650 2315 domum
668 2265 716 2314 riri
734 2263 890 2332 temporibus
907 2263 977 2314 hisee
996 2264 1097 2314 vetitam
1116 2264 1227 2328 Prosper
1244 2261 1301 2312 Fu·

228 2364 330 2415 pisanus
348 2350 465 2416 sustiuet;
485 2349 561 2419 idque
579 2351 737 2418 potissimum
756 2365 786 2402 eo
804 2349 977 2411 laudamento,
994 2347 1061 2417 quod
1078 2346 1235 2414 temporibus
1254 2347 1302 2398 illis

228 2438 309 2487 uetita
326 2437 361 2484 sit
379 2438 541 2486 matrimonii
557 2441 752 2500 consummatio,
771 2436 884 2506 pluribus
899 2432 1043 2490 auctoribus
1055 2431 1169 2484 adductis
1187 2435 1225 2482 sic
1237 2449 1303 2484 con-

228 2519 345 2574 cludcns:
365 2537 414 2584 „cx
433 2519 522 2588 quibus
536 2529 614 2587 patet,
632 2521 697 2572 hanc
709 2538 764 2574 esse
779 2523 923 2573 unanimem
937 2521 1126 2572 canonistarum
1139 2520 1302 2580 sententiam,

231 2621 306 2674 quam
325 2606 399 2655 ctiam
418 2613 553 2657 tenuerunt
578 2621 609 2656 ex
631 2603 756 2675 theologis
775 2605 861 2658 Petrus
884 2606 916 2656 de
934 2604 1043 2667 l'alude,
1066 2604 1133 2656 card.
1154 2603 1302 2668 cajetanus,

228 2691 253 2743 S.
271 2690 429 2754 Antoninus,
448 2699 473 2740 ct
491 2692 533 2742 alii
551 2689 622 2742 relati
642 2707 657 2741 a
675 2691 802 2758 Sancheu3
829 2707 934 2760 eamque
953 2690 1069 2758 probarit
1086 2689 1111 2740 S.
1130 2687 1302 2760 congregatio

226 2775 348 2841 Concilii3
367 2791 424 2829 nam
445 2779 572 2846 proposito
589 2775 682 2842 dubio,
701 2793 734 2828 an
749 2778 934 2828 matrismnium
953 2789 1037 2828 coram
1053 2775 1164 2842 parocho
1181 2792 1302 2844 quocun·

225 2879 277 2931 qun
294 2871 408 2930 tempore
426 2863 540 2914 contrahi
557 2863 656 2932 possit?
674 2880 748 2917 sacra
766 2862 935 2930 Congregatio
954 2863 1068 2924 temnit,
1089 2877 1164 2928 posse
1183 2861 1301 2914 contrahi

228 2949 413 3000 matrimonium
433 2965 583 3018 qtmcunque
595 2958 718 3020 tempore,
727 2949 771 3001 sed
785 2947 940 3018 temporibus
955 2947 1142 3014 comprehensis
1153 2949 1179 3000 in
1190 2964 1247 3014 cap.
1260 2949 1300 3000 10.

228 3049 291 3084 sess.
301 3034 343 3084 ul.
355 3033 386 3084 de
399 3033 498 3086 reform.
511 3044 582 3087 matr.
596 3039 741 3104 nuptiarum
757 3035 935 3098 solemnitates,
953 3031 1124 3084 traductiones
1141 3033 1173 3082 ad
1187 3032 1302 3095 donnum,

228 3125 253 3168 ct
271 3119 396 3170 carnalem
415 3121 531 3188 copulam
550 3121 706 3188 prohiberi.“
734 3119 918 3188 Van-Espen,
942 3117 987 3171 ius
1005 3119 1075 3170 Eccl.
1094 3135 1118 3186 p.
1137 3117 1169 3170 ll.
1195 3127 1258 3170 sect.
1279 3119 1301 3169 l.

228 3203 264 3254 tit.
284 3203 324 3256 13.
348 3221 373 3256 n.
394 3205 433 3258 16.
451 3237 485 3244 -
503 3205 542 3272 (Ρ.
560 3205 695 3275 Fugnanus
719 3223 765 3274 per
788 3205 879 3257 multos
903 3221 983 3256 annes
1007 3221 1029 3256 s.
1045 3201 1173 3272 Congrcg.
1193 3201 1303 3254 Consilii

227 3292 378 3342 secretarius
403 3291 472 3360 luit.)
505 3293 569 3344 llsie
593 3295 732 3344 sententiam
756 3291 921 3360 adstipulatur
939 3290 1030 3358 Kuupp
1053 3307 1084 3346 ex
1107 3289 1304 3353 recentioribus,

226 3376 328 3444 pesa.
346 3386 371 3430 et
388 3378 461 3430 lustr.
480 3388 544 3448 past.
561 3379 633 3444 Epst.
656 3397 678 3447 p.
699 3380 758 3432 267.
783 3381 809 3429 in
828 3385 879 3430 not.
898 3378 936 3430 h:
967 3375 1059 3442 „Quas
1082 3375 1254 3439 cousuetudo,
1278 3379 1303 3428 vi

226 3461 300 3528 cujus
319 3463 433 3530 parochis
452 3464 603 3531 prohibitum
622 3473 675 3527 est,
700 3467 776 3516 etiam
795 3465 961 3518 snatmmom’is
979 3464 1083 3530 privatis
1105 3463 1160 3514 siue
1176 3463 1303 3514 solemni-

228 3548 320 3600 tatibus
339 3551 457 3600 assistere
476 3549 572 3619 absque
590 3550 693 3604 licentia
705 3549 838 3622 Ordinarii,
858 3557 897 3601 est
914 3549 1030 3602 ominibus
1045 3549 1123 3602 lesme
1142 3547 1304 3600 dioecesibus

227 3637 374 3700 communis,
392 3650 422 3686 ac
441 3635 468 3684 in
483 3633 542 3699 jure
556 3653 656 3708 quoque
671 3635 803 3702 fundatam
821 3633 971 3688 cohabitatio
983 3635 1050 3686 enim
1069 3641 1127 3686 ante
1140 3633 1304 3686 henedictio-

228 3737 286 3773 nem
304 3720 486 3775 sacerdotalem
505 3719 537 3779 de
557 3721 615 3788 jura
633 3721 791 3792 prohibetur3
815 3729 926 3774 attamen
945 3735 1002 3772 eum
1024 3719 1170 3771 benedictio
1188 3729 1305 3790 tempore

225 3811 302 3860 vetita
320 3809 485 3876 impertienda
505 3826 555 3861 non
574 3813 615 3874 sit,
634 3810 692 3862 hinc
710 3811 810 3876 sponsi,
830 3808 878 3860 hoc
896 3815 1012 3876 tempore
1031 3807 1232 3875 contrahentes,
1257 3809 1303 3864 de-

226 3910 303 3962 super
315 3895 448 3963 'Eps'scopi
464 3895 655 3962 dispensatione
673 3897 817 3964 indipent.“

192 3962 215 4044 ἶ)
233 3979 306 4032 lmtr.
324 3977 422 4032 Eccles.
442 3979 529 4048 Prusp.
547 3978 631 4034 hamb.
649 3983 707 4034 inst.
725 3981 767 4038 80.
784 3977 833 4036 sub
851 3980 936 4036 linem
