2736 4660
150 213 212 283 392
566 225 646 281 cata·
665 223 868 321 maranorum.

149 407 221 454 casu
246 375 435 473 ignorantiae
465 383 503 447 de
531 383 587 448 alia
617 389 740 448 materia
769 389 907 450 auctores
931 385 1048 461 dicuni,
1080 375 1286 450 bunc'casum

149 496 338 580 ignorantiae
367 491 457 552 etiam
485 489 528 551 illi
551 493 721 571 excipiunt,
749 493 800 569 qui
824 489 911 551 aliter
933 496 1057 573 negant,
1081 495 1286 574 ignorantiam

148 599 331 680 poenitentis
355 609 444 674 posse
474 592 597 654 admitti.
642 591 727 657 Ratio
759 597 822 672 est,
856 597 926 673 quia
960 593 1067 655 mulier
1098 597 1222 656 omnino
1257 599 1286 654 in

148 702 226 764 bona
249 699 308 762 iide
330 701 517 778 supponitur,
542 695 607 778 ejus
632 694 709 756 modi
733 699 812 756 enim
836 695 1045 777 impedimenta
1068 698 1142 778 juris
1166 695 1287 758 humani

149 803 237 867 133113
258 806 383 882 possunt
406 803 528 862 omnino
551 802 682 882 ignorari
690 819 698 874 ;
730 805 759 860 et
782 799 902 862 aliunde
933 799 1063 880 pericula
1091 805 1288 863 incontinen-

149 911 224 983 tiae,
255 901 445 967 dissidiorum
469 909 499 963 et
529 899 698 983 hujusmodi
722 921 782 965 non
805 921 844 963 ex
866 909 949 984 parte
978 907 1044 980 sui,
1078 923 1138 986 quo
1161 909 1193 968 in
1217 925 1289 968 casu

148 1009 214 1072 aliis
236 1008 291 1071 sibi
315 1006 456 1069 remediis
479 1006 637 1068 consulere
665 1011 781 1086 posset,
813 1005 866 1066 sed
889 1012 1033 1084 exparte
1063 1007 1186 1071 alterius
1210 1028 1288 1072 con-

145 1115 228 1198 jugis
252 1113 323 1175 oriri
357 1114 571 1192 supponuntur.
616 1107 701 1170 Unde
728 1109 791 1188 ipsa
814 1126 867 1188 per
889 1127 922 1170 se
944 1109 981 1170 ad
1004 1115 1161 1172 veritatem
1184 1117 1288 1174 susci·
1355 1168 1356 1189 ,

149 1215 302 1296 piendam,
333 1213 369 1277 ad
400 1216 570 1276 universam
593 1211 649 1272 Dei
679 1211 1004 1294 legemservapdam,
1037 1219 1125 1296 atque
1148 1215 1237 1296 ideo,
1264 1223 1287 1280 si

149 1336 224 1400 opus
247 1321 285 1380 sit
308 1317 440 1400 nihilque
472 1314 553 1378 aliud
582 1313 699 1392 obstet,
729 1314 766 1376 ad
790 1313 1040 1378 Sacramenialem
1069 1317 1287 1399 expediendam

80 1473 84 1478 .
149 1421 366 1485 absolutionem
406 1419 549 1498 disposita
589 1435 657 1480 essa
689 1423 892 1500 cognoscitur.
947 1415 1049 1500 ltaque
1084 1421 1288 1484 confessarius

148 1523 310 1606 prudenter
339 1519 551 1596 dissimulabit,
582 1525 612 1580 et
638 1517 847 1582 interimas.
873 1519 1102 1584 Poeniieniiaria
1126 1524 1288 1606 dispensa-

147 1632 259 1690 tionem
283 1629 444 1706 impetrare
467 1629 498 1686 et
521 1627 629 1704 exequi
654 1621 795 1703 studebit,
815 1623 901 1706 juxta
925 1628 1060 1686 instruct.
1085 1625 1195 1692 Bened.
1210 1627 1286 1691 xiv.
1355 1695 1356 1698 Ἴ

147 1731 217 1794 lnst.
239 1728 320 1794 Eccl.
343 1725 391 1793 20.
417 1748 444 1791 u.
468 1727 517 1789 iv.
530 1725 556 1802 ¹)

597 1933 719 1997 Casus
742 1931 826 1996 LVll.
928 1947 937 1958 ·

519 2099 722 2160 Benedictio
740 2100 914 2176 nuptialis.

231 2261 301 2344 Caja
330 2261 429 2338 nupsit
459 2255 546 2338 Sejo,
581 2239 611 2318 et
644 2256 712 2340 Seja
742 2259 836 2336 Titi03
867 2265 1005 2320 neutrum
1041 2269 1138 2326 tamen
1171 2284 1212 2326 ax
1244 2265 1286 2327 bis

147 2367 360 2439 matrimoniis,
385 2361 434 2422 vel
457 2378 496 2420 ex
519 2357 654 2438 incuria,
690 2363 737 2423 vel
766 2363 804 2425 ob
827 2365 913 2425 aliam
944 2353 1080 2444 oausam,
1111 2367 1166 2430 suit
1188 2369 1285 2430 bene-

146 2467 268 2529 dictum.
313 2464 414 2542 Nunc,
448 2467 574 2556 mortuis
598 2463 667 2545 Sejo
696 2470 725 2524 et
751 2463 841 2565 baja,
877 2467 991 2528 nubunt
1021 2471 1109 2544 simul
1132 2471 1229 2532 Titius
1259 2477 1286 2530 et
1355 2519 1356 2561 3

149 2570 235 2654 Caja,
269 2571 439 2650 instantque
469 2575 500 2629 ui
534 2567 592 2628 tale
624 2573 843 2630 matrimonium
877 2571 1051 2632 solemniter
1082 2573 1283 2638 benedicatur.

150 2671 325 2748 Quaeritur,
355 2690 392 2732 an
415 2671 496 2762 licite
523 2669 580 2734 hoc
609 2671 673 2734 sueri
702 2671 819 2750 possit?
864 2673 952 2756 Resp.
981 2665 1184 2755 affirmative,
1220 2697 1283 2738 cunr
1355 2741 1356 2747 ἵ

147 2775 296 2879 Navapro,
321 2775 450 2858 Ugolino
479 2779 509 2834 et
531 2775 834 2863 aliisycommunitcr.
882 2777 967 2840 Ratio
997 2785 1057 2858 est,
1088 2783 1157 2859 quia
1188 2779 1284 2842 bene-

149 2880 241 2942 dictio
265 2881 385 2958 proprie
408 2897 468 2940 non
492 2881 614 2958 respicit
637 2883 771 2958 nuptias,
795 2877 848 2941 sed
870 2898 1030 2962 personas,
1055 2901 1132 2962 quae
1154 2883 1284 2957 nubunt3

148 3002 215 3046 curn
245 3001 320 3064 ergo
344 2981 412 3063 CaJ'a
442 2988 472 3042 et
495 2982 590 3043 Titius
620 3000 680 3044 nou
710 2973 819 3044 i'uerint
849 2991 937 3046 antea
965 2985 1127 3062 benedicti,
1159 2993 1283 3066 possunt

147 3085 296 3162 benedici,
319 3084 389 3173 licet
412 3085 485 3147 alias
514 3089 684 3166 nupserint3
714 3103 770 3145 nec
793 3075 958 3164 appositum
983 3091 1131 3152 evincitur
1154 3106 1193 3148 ex
1217 3089 1281 3168 Cap.

152 3189 215 3264 Vir,
237 3189 275 3249 de
298 3188 525 3268 secandiinpt.
550 3189 599 3250 ubi
622 3189 747 3250 dicitur:
776 3185 830 3250 Vir
853 3191 1022 3264 aulemvel
1048 3191 1153 3254 mulier
1176 3193 1215 3254 ad
1238 3193 1282 3254 bi-

147 3297 275 3379 gamiam
300 3295 459 3368 transiens,
484 3308 544 3352 non
567 3291 693 3354 debota
716 3293 891 3375 presbytero
914 3291 1052 3355 benedici
1060 3313 1069 3369 ;
1092 3313 1159 3356 nam
1186 3300 1281 3356 textus

146 3399 197 3474 ille
220 3395 353 3478 procedit
376 3395 541 3456 secundum
565 3413 610 3472 ea,
635 3415 710 3476 quae
735 3397 914 3480 regulariter
937 3401 1091 3472 eveniant3
1115 3397 1193 3460 undo
1218 3417 1279 3460 crum

149 3501 328 3586 regulariter
356 3503 470 3579 primae
498 3501 618 3578 nuptiae
644 3501 730 3582 Juxta
760 3503 976 3580 praescriptum
1007 3500 1158 3563 Ecclesiae
1188 3501 1280 3564 bene-

149 3604 295 3682 dicantur,
326 3598 480 3684 supponit,
511 3597 591 3682 quod
619 3608 733 3690 primae
757 3603 818 3684 jam
850 3603 962 3666 fuerint
991 3603 1182 3679 benedictae3
1205 3602 1279 3686 quod

147 3713 180 3771 in
201 3728 273 3773 casu
298 3711 399 3769 nostro
422 3724 482 3769 non
514 3705 694 3770 verificatur.
739 3708 776 3769 lit
807 3723 879 3770 sane
903 3708 982 3788 quod
1013 3711 1043 3771 in
1064 3705 1119 3768 bac
1142 3711 1278 3789 supposi-

150 3883 355 3896 m

175 3976 200 4046 1¹)
218 3975 298 4030 Casae
316 3981 455 4034 couscient.
474 3979 525 4036 roi.
544 3981 567 4032 5.
586 3995 644 4048 pag.
665 3976 722 4034 ite.
