2746 4646
324 216 819 288 mrupmomarapamnnnn
837 213 931 284 paca
1151 193 1194 260 73

146 374 185 440 ll.
213 374 326 440 Gausae
354 378 552 460 gravissimae
580 379 683 440 contra
712 373 763 438 illa
788 369 937 436 connubia
966 369 1127 434 mtbtantes
1156 367 1194 432 ad

59 483 189 558 quatuor
211 478 411 554 reducuntur,
435 482 573 541 nimirum

95 579 127 656 1)
156 581 327 644 Universirn
356 581 441 646 adest
463 579 628 662 periculum
656 581 860 659 perversionis
882 577 1018 659 conjugis
1047 573 1193 654 catholici,

147 689 177 746 et
201 687 329 748 mardma
352 691 434 746 cerie
456 682 614 746 difficultas
630 680 774 760 implendi
798 681 897 746 officia
919 679 1074 763 religionis
1090 677 1195 762 loges-
1293 717 1295 722 -

147 803 207 865 que
227 786 381 850 Ecclesiae
404 785 554 863 servandi,
578 802 636 848 una
659 803 727 846 cum
750 801 867 848 summo
889 782 1062 848 discrimina
1084 781 1195 844 baere-

149 893 225 950 ticae
240 890 288 952 vel
310 897 393 952 certe
417 906 575 970 perversae
598 886 784 950 educationis
806 886 907 967 prolis.
932 884 1080 950 Gatbolica
1101 887 1195 968 igitur

145 1009 224 1072 pars,
249 993 307 1056 tale
330 995 550 1054 matrimonium
572 994 680 1069 inienS,
704 988 857 1052 ordinarie
878 991 1088 1072 gravissimum
1105 985 1195 1052 laedit

140 1095 219 1175 juris
247 1098 342 1175 ipsius
369 1099 492 1160 naturae
524 1098 555 1156 et
583 1092 675 1156 divini
706 1095 913 1173 praecepium,
945 1091 1036 1154 laedit
1063 1091 1194 1174 conjugii

145 1201 353 1280 gravissimam
377 1197 608 1279 obligationem,
639 1198 815 1276 praesertim
838 1197 869 1256 in
891 1193 1023 1273 prolem,
1051 1197 1081 1256 in
1106 1211 1194 1275 quam

146 1297 308 1362 crudeliter
330 1303 393 1383 agit
414 1304 455 1362 ita
478 1298 664 1364 contrahens.
706 1297 782 1360 Huic
805 1313 880 1380 ergo
904 1301 1011 1362 rationi
1035 1300 1194 1377 praecipue

145 1404 319 1464 institerunt
341 1407 448 1466 summi
462 1402 634 1478 Pontificem
655 1402 765 1482 plures,
786 1404 868 1482 iique
890 1405 1074 1462 recentiores
1087 1399 1192 1480 Papae,

148 1504 287 1568 Clemens
309 1503 396 1579 iiiii,
418 1504 486 1566 Pius
501 1505 577 1568 Vlll.
602 1511 633 1566 ct
655 1504 819 1586 Gregorius
835 1502 911 1568 XVl.
935 1506 1121 1566 matrimonia
1144 1503 1195 1566 illa

144 1611 235 1670 etiam
258 1612 429 1692 oppugnant
452 1607 490 1670 ob
519 1608 772 1682 funestissimum,
804 1612 835 1668 ut
858 1611 982 1685 vocant,
1012 1605 1196 1686 indifferen-

145 1713 314 1786 tisrimmn,
345 1715 395 1790 qui
419 1729 473 1790 per
495 1726 529 1772 ea
560 1715 739 1774 necessitate
762 1709 887 1788 quadam
916 1709 1053 1784 fovetur,
1083 1713 1196 1791 quique

144 1817 261 1892 impetit
281 1813 391 1896 dogma
414 1813 590 1876 catholicum
619 1812 858 1890 lundavnentale,
889 1830 948 1893 quo
971 1829 1061 1874 unam
1084 1811 1195 1874 Eccle-

148 1919 222 1976 siam
245 1913 421 1980 catholicam
443 1915 605 1978 salvificam
628 1933 696 1978 esse
719 1914 856 1978 credatur
873 1932 999 1978 neeesse
1022 1922 1076 1980 esi.
1100 1915 1196 1978 Prae-

147 2023 228 2080 terea
257 2016 314 2082 boo
340 2019 505 2098 periculum
537 2025 594 2082 tam
624 2038 782 2081 commune
811 2023 857 2082 est
884 2017 1051 2100 hujusmodi
1084 2021 1195 2100 nuptiis

145 2126 176 2180 et
198 2123 282 2200 quasi
304 2121 515 2200 inseparabile,
538 2129 570 2184 ut
589 2121 770 2184 Benedictus
783 2116 861 2186 iiii.
886 2139 946 2184 non
968 2121 1084 2184 dubitet
1106 2139 1195 2184 asse-

143 2239 213 2284 rere
234 2227 312 2302 „vix
334 2242 465 2305 unquam
489 2229 612 2288 evenire
635 2243 734 2305 posse,
758 2229 791 2288 ut
813 2223 849 2286 ab
872 2228 909 2286 tis
925 2222 1170 2302 amoveatur‘bl)

86 2324 122 2399 2)
146 2325 277 2388 Maxime
300 2325 386 2390 obest
408 2331 531 2390 mixtum
555 2328 731 2410 conjugium
753 2332 876 2390 intimae
899 2331 1066 2390 animorum
1090 2330 1193 2392 unioni

144 2446 180 2490 ac
202 2428 374 2492 individuae
397 2434 474 2492 vitae
497 2432 718 2508 consuetudini,
742 2447 830 2511 qnam
855 2434 1090 2508 matrimonium,
1115 2434 1194 2492 inter

145 2530 328 2596 Christianos
350 2537 527 2613 praecipue,
554 2537 702 2614 propriam
731 2533 787 2596 sibi
811 2533 964 2596 vindicare
988 2537 1082 2612 patet;
1113 2550 1191 2611 narn,

146 2637 179 2694 ut
200 2632 269 2696 Pius
292 2632 353 2698 Vll.
385 2640 416 2696 in
439 2637 547 2698 litteris
569 2634 606 2696 de
632 2636 681 2698 17.
703 2635 788 2700 Febr.
816 2633 897 2702 1809
924 2635 961 2700 ad
983 2640 1140 2716 episcopos
1163 2641 1194 2698 et

147 2735 282 2800 Vibarios
299 2735 458 2800 Galliarum
475 2742 531 2802 ait:
555 2737 699 2814 „Praeter
711 2742 921 2822 gravissimum
939 2739 1102 2820 periculum
1120 2757 1194 2819 por-
1307 2805 1312 2822 ,

148 2843 295 2904 versionis
317 2841 389 2904 illud
412 2859 532 2923 quoque
546 2839 753 2906 difficillimum
777 2848 866 2920 esset,
892 2859 945 2904 eos
960 2847 998 2929 ,in
1020 2841 1111 2904 domo
1132 2859 1194 2906 un-

143 2945 261 3006 animes
277 2941 422 3022 babitare,
446 2949 497 3025 qui
513 2947 669 3006 unanimes
683 2942 742 3006 tide
754 2962 815 3007 non
831 2949 906 3020 sint,
928 2962 968 3008 en
981 2963 1041 3025 quo
1063 2948 1148 3026 quies
1162 2950 1193 3008 et

145 3044 344 3125 tranquillitas
366 3045 544 3108 familiarum
564 3045 754 3126 perturbetur
776 3066 811 3109 ac
827 3046 946 3110 deficiat
968 3063 1093 3108 neeesse
1113 3049 1193 3108 est.“

83 3145 119 3223 3)
143 3146 230 3210 llalis
259 3154 413 3228 praeterea
442 3153 608 3212 innumeris
637 3167 706 3230 pars
734 3148 876 3213 catholica
907 3155 1031 3230 exponit
1053 3167 1106 3230 per
1132 3149 1191 3212 tale

144 3254 367 3312 matrimonium
391 3256 521 3332 seipsum
545 3257 575 3314 et
591 3252 705 3332 prolem
728 3270 820 3316 exeo
843 3269 963 3333 quoque
980 3256 1086 3334 capita,
1109 3253 1189 3334 quod

143 3351 245 3432 plures
267 3370 358 3436 saepe
380 3353 531 3417 haeretico
560 3371 668 3418 causae
691 3357 845 3434 exipsius
867 3354 1000 3418 doctrina
1030 3360 1190 3436 suppetunt

141 3453 180 3515 ad
203 3452 427 3518 dissolvendum
450 3459 630 3520 matrimonii
653 3457 813 3535 vinculum,
837 3458 928 3539 idque
951 3477 988 3522 eo
1011 3458 1059 3520 vel
1081 3461 1188 3542 uagis,

142 3556 224 3640 quod
251 3558 355 3622 civiles
384 3558 468 3643 leges
496 3560 646 3640 plerisque
673 3563 704 3622 in
726 3560 900 3644 regionibus
928 3561 1030 3625 iavaut
1056 3557 1189 3624 baereti-

140 3675 245 3722 corum
267 3659 393 3740 placitis.

84 3760 120 3838 4)
142 3759 270 3826 Accedit
291 3761 437 3843 deniqne,
468 3767 627 3844 pessimam
651 3768 741 3827 iniis
771 3766 966 3829 matrimoniis
995 3765 1095 3828 baberi
1119 3785 1187 3830 cum

140 3861 300 3927 haereticis
314 3865 556 3929 communionem
571 3870 603 3927 in
616 3870 719 3930 sacris.
741 3865 805 3942 Qua
821 3866 859 3930 de
872 3867 1099 3936 re'llenedicius
1108 3867 1185 3940 xiv,

85 4013 107 4080 ¹)
124 4013 240 4083 synodus
259 4013 366 4068 dioeces.
383 4013 426 4068 lib.
445 4016 469 4069 a.
487 4031 510 4068 c.
527 4014 552 4067 b.
571 4030 595 4066 n.
615 4015 639 4067 t.
