<?xml version="1.0" encoding="UTF-8"?>
<!DOCTYPE html PUBLIC "-//W3C//DTD XHTML 1.0 Transitional//EN"
    "http://www.w3.org/TR/xhtml1/DTD/xhtml1-transitional.dtd">
<html xmlns="http://www.w3.org/1999/xhtml" xml:lang="en" lang="en">
 <head>
  <title>
</title>
<meta http-equiv="Content-Type" content="text/html;charset=utf-8" />
  <meta name='ocr-system' content='tesseract 3.04.00' />
  <meta name='ocr-capabilities' content='ocr_page ocr_carea ocr_par ocr_line ocrx_word'/>
</head>
<body>
  <div class='ocr_page' id='page_1' title='image "./dematrimoniotra00heisgoog_0046.png"; bbox 0 0 2742 4660; ppageno 0'>
   <div class='ocr_carea' id='block_1_1' title="bbox 336 216 1226 299">
    <p class='ocr_par' dir='ltr' id='par_1_1' title="bbox 336 216 1226 299">
     <span class='ocr_line' id='line_1_1' title="bbox 336 216 1226 299; baseline 0.002 -19"><span class='ocrx_word' id='word_1_1' title='bbox 336 230 372 281; x_wconf 80' lang='lat' dir='ltr'><strong>lta</strong></span> <span class='ocrx_word' id='word_1_2' title='bbox 390 231 563 292; x_wconf 85' lang='lat' dir='ltr'><strong>matrimonio,</strong></span> <span class='ocrx_word' id='word_1_3' title='bbox 581 238 705 299; x_wconf 80' lang='lat' dir='ltr'><strong>quatenus</strong></span> <span class='ocrx_word' id='word_1_4' title='bbox 722 239 760 282; x_wconf 80' lang='lat' dir='ltr'><strong>art</strong></span> <span class='ocrx_word' id='word_1_5' title='bbox 778 230 979 284; x_wconf 72' lang='lat' dir='ltr'><strong>Sacramentum.</strong></span> <span class='ocrx_word' id='word_1_6' title='bbox 1186 216 1226 282; x_wconf 78' lang='lat'><strong>21</strong></span> 
     </span>
    </p>
   </div>
   <div class='ocr_carea' id='block_1_2' title="bbox 12 387 1233 2323">
    <p class='ocr_par' dir='ltr' id='par_1_2' title="bbox 87 387 1228 554">
     <span class='ocr_line' id='line_1_2' title="bbox 90 387 1228 472; baseline 0.004 -26"><span class='ocrx_word' id='word_1_7' title='bbox 90 387 275 449; x_wconf 89' lang='lat' dir='ltr'><strong>adversariis</strong></span> <span class='ocrx_word' id='word_1_8' title='bbox 299 405 359 450; x_wconf 92' lang='lat' dir='ltr'><strong>non</strong></span> <span class='ocrx_word' id='word_1_9' title='bbox 382 387 563 464; x_wconf 69' lang='lat' dir='ltr'><strong>admittatur,</strong></span> <span class='ocrx_word' id='word_1_10' title='bbox 587 387 805 466; x_wconf 87' lang='lat' dir='ltr'><strong>compelluntur</strong></span> <span class='ocrx_word' id='word_1_11' title='bbox 826 405 1003 472; x_wconf 80' lang='lat' dir='ltr'><strong>agnoscere,</strong></span> <span class='ocrx_word' id='word_1_12' title='bbox 1028 405 1127 467; x_wconf 81' lang='lat' dir='ltr'><strong>neque</strong></span> <span class='ocrx_word' id='word_1_13' title='bbox 1151 390 1228 450; x_wconf 86' lang='lat' dir='ltr'><strong>rali-</strong></span> 
     </span>
     <span class='ocr_line' id='line_1_3' title="bbox 87 489 1040 554; baseline 0.006 -6"><span class='ocrx_word' id='word_1_14' title='bbox 87 489 158 550; x_wconf 89' lang='lat' dir='ltr'><strong>dum</strong></span> <span class='ocrx_word' id='word_1_15' title='bbox 184 509 253 552; x_wconf 87' lang='lat' dir='ltr'><strong>esse</strong></span> <span class='ocrx_word' id='word_1_16' title='bbox 278 494 497 552; x_wconf 79' lang='lat' dir='ltr'><strong>matrimonium</strong></span> <span class='ocrx_word' id='word_1_17' title='bbox 521 495 600 552; x_wconf 84' lang='lat' dir='ltr'><strong>inter</strong></span> <span class='ocrx_word' id='word_1_18' title='bbox 622 489 728 552; x_wconf 87' lang='lat' dir='ltr'><strong>fideles</strong></span> <span class='ocrx_word' id='word_1_19' title='bbox 750 495 815 552; x_wconf 91' lang='lat' dir='ltr'><strong>sine</strong></span> <span class='ocrx_word' id='word_1_20' title='bbox 839 491 1040 554; x_wconf 86' lang='lat' dir='ltr'><strong>Sacramenta.</strong></span> 
     </span>
    </p>

    <p class='ocr_par' dir='ltr' id='par_1_3' title="bbox 86 591 1230 864">
     <span class='ocr_line' id='line_1_4' title="bbox 178 591 1230 666; baseline 0.001 -11"><span class='ocrx_word' id='word_1_21' title='bbox 178 593 349 666; x_wconf 76' lang='lat' dir='ltr'><strong>Quaeritur</strong></span> <span class='ocrx_word' id='word_1_22' title='bbox 371 591 435 666; x_wconf 80' lang='lat'><strong>2⁰):</strong></span> <span class='ocrx_word' id='word_1_23' title='bbox 467 593 543 664; x_wconf 86' lang='lat' dir='ltr'><strong>Ouid</strong></span> <span class='ocrx_word' id='word_1_24' title='bbox 566 597 605 654; x_wconf 86' lang='lat' dir='ltr'><strong>att</strong></span> <span class='ocrx_word' id='word_1_25' title='bbox 628 592 817 656; x_wconf 88' lang='lat' dir='ltr'><strong>sentiendum</strong></span> <span class='ocrx_word' id='word_1_26' title='bbox 841 593 878 654; x_wconf 91' lang='lat' dir='ltr'><strong>de</strong></span> <span class='ocrx_word' id='word_1_27' title='bbox 902 597 1095 656; x_wconf 82' lang='lat' dir='ltr'><strong>matrimoniis</strong></span> <span class='ocrx_word' id='word_1_28' title='bbox 1118 593 1230 656; x_wconf 88' lang='lat' dir='ltr'><strong>haere·</strong></span> 
     </span>
     <span class='ocr_line' id='line_1_5' title="bbox 89 696 1228 777; baseline 0.005 -24"><span class='ocrx_word' id='word_1_29' title='bbox 89 701 228 770; x_wconf 91' lang='lat' dir='ltr'><strong>ticorum,</strong></span> <span class='ocrx_word' id='word_1_30' title='bbox 253 703 304 777; x_wconf 88' lang='lat' dir='ltr'><strong>qni</strong></span> <span class='ocrx_word' id='word_1_31' title='bbox 323 697 392 758; x_wconf 94' lang='lat' dir='ltr'><strong>dum</strong></span> <span class='ocrx_word' id='word_1_32' title='bbox 409 696 586 760; x_wconf 90' lang='lat' dir='ltr'><strong>contrahunt</strong></span> <span class='ocrx_word' id='word_1_33' title='bbox 603 699 835 774; x_wconf 87' lang='lat' dir='ltr'><strong>matrimonium,</strong></span> <span class='ocrx_word' id='word_1_34' title='bbox 860 711 958 776; x_wconf 87' lang='lat' dir='ltr'><strong>neque</strong></span> <span class='ocrx_word' id='word_1_35' title='bbox 975 696 1110 775; x_wconf 89' lang='lat' dir='ltr'><strong>credant,</strong></span> <span class='ocrx_word' id='word_1_36' title='bbox 1130 715 1228 777; x_wconf 89' lang='lat' dir='ltr'><strong>neque</strong></span> 
     </span>
     <span class='ocr_line' id='line_1_6' title="bbox 86 796 689 864; baseline 0.007 -6"><span class='ocrx_word' id='word_1_37' title='bbox 86 800 248 861; x_wconf 92' lang='lat' dir='ltr'><strong>intendunt</strong></span> <span class='ocrx_word' id='word_1_38' title='bbox 272 801 419 864; x_wconf 76' lang='lat' dir='ltr'><strong>conlucere</strong></span> <span class='ocrx_word' id='word_1_39' title='bbox 443 796 689 862; x_wconf 70' lang='lat' dir='ltr'><strong>Sacramentum?</strong></span> 
     </span>
    </p>

    <p class='ocr_par' dir='ltr' id='par_1_4' title="bbox 12 900 1233 2323">
     <span class='ocr_line' id='line_1_7' title="bbox 175 900 1228 986; baseline 0.003 -24"><span class='ocrx_word' id='word_1_40' title='bbox 175 909 208 982; x_wconf 66' lang='lat' dir='ltr'><strong>tp.</strong></span> <span class='ocrx_word' id='word_1_41' title='bbox 243 902 494 986; x_wconf 72' lang='lat' dir='ltr'><strong>Distinguendum</strong></span> <span class='ocrx_word' id='word_1_42' title='bbox 524 907 584 982; x_wconf 85' lang='lat' dir='ltr'><strong>ast:</strong></span> <span class='ocrx_word' id='word_1_43' title='bbox 622 900 675 961; x_wconf 85' lang='lat' dir='ltr'><strong>Vel</strong></span> <span class='ocrx_word' id='word_1_44' title='bbox 708 905 787 960; x_wconf 92' lang='lat' dir='ltr'><strong>enim</strong></span> <span class='ocrx_word' id='word_1_45' title='bbox 817 902 954 964; x_wconf 89' lang='lat' dir='ltr'><strong>volentes</strong></span> <span class='ocrx_word' id='word_1_46' title='bbox 983 907 1024 964; x_wconf 91' lang='lat' dir='ltr'><strong>ita</strong></span> <span class='ocrx_word' id='word_1_47' title='bbox 1053 902 1228 965; x_wconf 79' lang='lat' dir='ltr'><strong>contrahere</strong></span> 
     </span>
     <span class='ocr_line' id='line_1_8' title="bbox 89 1004 1228 1086; baseline -0.001 -21"><span class='ocrx_word' id='word_1_48' title='bbox 89 1025 189 1086; x_wconf 83' lang='lat' dir='ltr'><strong>ireque</strong></span> <span class='ocrx_word' id='word_1_49' title='bbox 219 1007 280 1068; x_wconf 93' lang='lat' dir='ltr'><strong>ullo</strong></span> <span class='ocrx_word' id='word_1_50' title='bbox 310 1006 398 1068; x_wconf 93' lang='lat' dir='ltr'><strong>modo</strong></span> <span class='ocrx_word' id='word_1_51' title='bbox 426 1005 530 1066; x_wconf 90' lang='lat' dir='ltr'><strong>volunt</strong></span> <span class='ocrx_word' id='word_1_52' title='bbox 559 1008 713 1082; x_wconf 87' lang='lat' dir='ltr'><strong>suscipere</strong></span> <span class='ocrx_word' id='word_1_53' title='bbox 736 1005 975 1082; x_wconf 85' lang='lat' dir='ltr'><strong>Sacramentum,</strong></span> <span class='ocrx_word' id='word_1_54' title='bbox 1005 1005 1054 1066; x_wconf 90' lang='lat' dir='ltr'><strong>vel</strong></span> <span class='ocrx_word' id='word_1_55' title='bbox 1083 1004 1228 1066; x_wconf 82' lang='lat' dir='ltr'><strong>duntaxat</strong></span> 
     </span>
     <span class='ocr_line' id='line_1_9' title="bbox 87 1107 1233 1188; baseline 0 -20"><span class='ocrx_word' id='word_1_56' title='bbox 87 1109 192 1170; x_wconf 89' lang='lat' dir='ltr'><strong>nolunt</strong></span> <span class='ocrx_word' id='word_1_57' title='bbox 225 1114 379 1188; x_wconf 86' lang='lat' dir='ltr'><strong>suscipere</strong></span> <span class='ocrx_word' id='word_1_58' title='bbox 413 1107 637 1171; x_wconf 86' lang='lat' dir='ltr'><strong>Sacramentum</strong></span> <span class='ocrx_word' id='word_1_59' title='bbox 671 1113 792 1186; x_wconf 91' lang='lat' dir='ltr'><strong>propter</strong></span> <span class='ocrx_word' id='word_1_60' title='bbox 827 1123 961 1170; x_wconf 88' lang='lat' dir='ltr'><strong>errorem</strong></span> <span class='ocrx_word' id='word_1_61' title='bbox 997 1107 1233 1187; x_wconf 76' lang='lat' dir='ltr'><strong>speculativum,</strong></span> 
     </span>
     <span class='ocr_line' id='line_1_10' title="bbox 86 1209 1227 1290; baseline -0.002 -18"><span class='ocrx_word' id='word_1_62' title='bbox 86 1229 146 1290; x_wconf 82' lang='lat' dir='ltr'><strong>quo</strong></span> <span class='ocrx_word' id='word_1_63' title='bbox 171 1217 283 1290; x_wconf 89' lang='lat' dir='ltr'><strong>putant,</strong></span> <span class='ocrx_word' id='word_1_64' title='bbox 309 1216 529 1274; x_wconf 86' lang='lat' dir='ltr'><strong>matrimonium</strong></span> <span class='ocrx_word' id='word_1_65' title='bbox 554 1229 613 1272; x_wconf 91' lang='lat' dir='ltr'><strong>non</strong></span> <span class='ocrx_word' id='word_1_66' title='bbox 637 1227 704 1272; x_wconf 89' lang='lat' dir='ltr'><strong>esse</strong></span> <span class='ocrx_word' id='word_1_67' title='bbox 727 1209 968 1288; x_wconf 82' lang='lat' dir='ltr'><strong>Sacramentum,</strong></span> <span class='ocrx_word' id='word_1_68' title='bbox 994 1216 1034 1271; x_wconf 90' lang='lat' dir='ltr'><strong>ita</strong></span> <span class='ocrx_word' id='word_1_69' title='bbox 1059 1217 1170 1287; x_wconf 89' lang='lat' dir='ltr'><strong>tamen,</strong></span> <span class='ocrx_word' id='word_1_70' title='bbox 1195 1216 1227 1270; x_wconf 88' lang='lat' dir='ltr'><strong>ut</strong></span> 
     </span>
     <span class='ocr_line' id='line_1_11' title="bbox 86 1313 1228 1392; baseline -0.001 -19"><span class='ocrx_word' id='word_1_71' title='bbox 86 1315 180 1375; x_wconf 88' lang='lat' dir='ltr'><strong>velint</strong></span> <span class='ocrx_word' id='word_1_72' title='bbox 213 1316 388 1376; x_wconf 85' lang='lat' dir='ltr'><strong>contrahere</strong></span> <span class='ocrx_word' id='word_1_73' title='bbox 419 1314 507 1375; x_wconf 90' lang='lat' dir='ltr'><strong>modo</strong></span> <span class='ocrx_word' id='word_1_74' title='bbox 540 1313 716 1386; x_wconf 81' lang='lat' dir='ltr'><strong>christian03</strong></span> <span class='ocrx_word' id='word_1_75' title='bbox 748 1318 772 1372; x_wconf 93' lang='lat' dir='ltr'><strong>si</strong></span> <span class='ocrx_word' id='word_1_76' title='bbox 802 1314 953 1392; x_wconf 84' lang='lat' dir='ltr'><strong>primam,</strong></span> <span class='ocrx_word' id='word_1_77' title='bbox 988 1313 1060 1374; x_wconf 91' lang='lat' dir='ltr'><strong>nihil</strong></span> <span class='ocrx_word' id='word_1_78' title='bbox 1093 1313 1228 1374; x_wconf 85' lang='lat' dir='ltr'><strong>alliciunt</strong></span> 
     </span>
     <span class='ocr_line' id='line_1_12' title="bbox 88 1417 1227 1496; baseline 0 -20"><span class='ocrx_word' id='word_1_79' title='bbox 88 1433 187 1496; x_wconf 87' lang='lat' dir='ltr'><strong>neque</strong></span> <span class='ocrx_word' id='word_1_80' title='bbox 205 1417 429 1479; x_wconf 87' lang='lat' dir='ltr'><strong>Sacramentum</strong></span> <span class='ocrx_word' id='word_1_81' title='bbox 453 1433 552 1496; x_wconf 89' lang='lat' dir='ltr'><strong>neque</strong></span> <span class='ocrx_word' id='word_1_82' title='bbox 577 1420 814 1490; x_wconf 90' lang='lat' dir='ltr'><strong>rnatrimoniunr;</strong></span> <span class='ocrx_word' id='word_1_83' title='bbox 837 1420 905 1494; x_wconf 90' lang='lat' dir='ltr'><strong>quia</strong></span> <span class='ocrx_word' id='word_1_84' title='bbox 928 1419 1055 1476; x_wconf 90' lang='lat' dir='ltr'><strong>intentio</strong></span> <span class='ocrx_word' id='word_1_85' title='bbox 1078 1419 1227 1494; x_wconf 86' lang='lat' dir='ltr'><strong>posterior</strong></span> 
     </span>
     <span class='ocr_line' id='line_1_13' title="bbox 86 1517 1226 1597; baseline -0.002 -18"><span class='ocrx_word' id='word_1_86' title='bbox 86 1523 217 1597; x_wconf 90' lang='lat' dir='ltr'><strong>priorem</strong></span> <span class='ocrx_word' id='word_1_87' title='bbox 249 1521 333 1581; x_wconf 88' lang='lat' dir='ltr'><strong>elidit</strong></span> <span class='ocrx_word' id='word_1_88' title='bbox 360 1539 393 1582; x_wconf 84' lang='lat' dir='ltr'><strong>ec</strong></span> <span class='ocrx_word' id='word_1_89' title='bbox 423 1521 563 1596; x_wconf 88' lang='lat' dir='ltr'><strong>destruit,</strong></span> <span class='ocrx_word' id='word_1_90' title='bbox 592 1537 679 1596; x_wconf 88' lang='lat' dir='ltr'><strong>cum,</strong></span> <span class='ocrx_word' id='word_1_91' title='bbox 712 1523 743 1578; x_wconf 90' lang='lat' dir='ltr'><strong>ut</strong></span> <span class='ocrx_word' id='word_1_92' title='bbox 766 1517 913 1595; x_wconf 88' lang='lat' dir='ltr'><strong>diximus,</strong></span> <span class='ocrx_word' id='word_1_93' title='bbox 945 1523 1020 1580; x_wconf 90' lang='lat' dir='ltr'><strong>ratio</strong></span> <span class='ocrx_word' id='word_1_94' title='bbox 1043 1518 1226 1582; x_wconf 88' lang='lat' dir='ltr'><strong>Sacramenti</strong></span> 
     </span>
     <span class='ocr_line' id='line_1_14' title="bbox 89 1621 1227 1704; baseline 0.002 -22"><span class='ocrx_word' id='word_1_95' title='bbox 89 1627 127 1682; x_wconf 87' lang='lat' dir='ltr'><strong>sit</strong></span> <span class='ocrx_word' id='word_1_96' title='bbox 149 1623 357 1704; x_wconf 89' lang='lat' dir='ltr'><strong>inseparabilis</strong></span> <span class='ocrx_word' id='word_1_97' title='bbox 387 1643 402 1683; x_wconf 88' lang='lat' dir='ltr'><strong>a</strong></span> <span class='ocrx_word' id='word_1_98' title='bbox 426 1629 579 1685; x_wconf 90' lang='lat' dir='ltr'><strong>contractu</strong></span> <span class='ocrx_word' id='word_1_99' title='bbox 602 1621 811 1684; x_wconf 90' lang='lat' dir='ltr'><strong>matrimoniali</strong></span> <span class='ocrx_word' id='word_1_100' title='bbox 820 1641 829 1696; x_wconf 92' lang='lat'>;</span> <span class='ocrx_word' id='word_1_101' title='bbox 859 1627 883 1684; x_wconf 93' lang='lat' dir='ltr'><strong>si</strong></span> <span class='ocrx_word' id='word_1_102' title='bbox 907 1624 1089 1696; x_wconf 85' lang='lat' dir='ltr'><strong>secandam,</strong></span> <span class='ocrx_word' id='word_1_103' title='bbox 1117 1621 1227 1684; x_wconf 89' lang='lat' dir='ltr'><strong>Sacra-</strong></span> 
     </span>
     <span class='ocr_line' id='line_1_15' title="bbox 15 1711 1226 1806; baseline 0.001 -23"><span class='ocrx_word' id='word_1_104' title='bbox 15 1711 17 1716; x_wconf 62' lang='grc'><strong>’</strong></span> <span class='ocrx_word' id='word_1_105' title='bbox 86 1731 220 1787; x_wconf 90' lang='lat' dir='ltr'><strong>mentum</strong></span> <span class='ocrx_word' id='word_1_106' title='bbox 234 1729 410 1805; x_wconf 87' lang='lat' dir='ltr'><strong>suscipiunt,</strong></span> <span class='ocrx_word' id='word_1_107' title='bbox 429 1732 459 1786; x_wconf 92' lang='lat' dir='ltr'><strong>et</strong></span> <span class='ocrx_word' id='word_1_108' title='bbox 471 1727 524 1787; x_wconf 90' lang='lat' dir='ltr'><strong>sihi</strong></span> <span class='ocrx_word' id='word_1_109' title='bbox 543 1731 672 1786; x_wconf 89' lang='lat' dir='ltr'><strong>invicem</strong></span> <span class='ocrx_word' id='word_1_110' title='bbox 689 1725 905 1802; x_wconf 90' lang='lat' dir='ltr'><strong>administrant,</strong></span> <span class='ocrx_word' id='word_1_111' title='bbox 921 1731 990 1806; x_wconf 88' lang='lat' dir='ltr'><strong>quia</strong></span> <span class='ocrx_word' id='word_1_112' title='bbox 1004 1742 1089 1786; x_wconf 88' lang='lat' dir='ltr'><strong>error</strong></span> <span class='ocrx_word' id='word_1_113' title='bbox 1105 1724 1226 1786; x_wconf 91' lang='lat' dir='ltr'><strong>illorum</strong></span> 
     </span>
     <span class='ocr_line' id='line_1_16' title="bbox 12 1827 1231 1910; baseline 0.002 -24"><span class='ocrx_word' id='word_1_114' title='bbox 12 1873 13 1876; x_wconf 15' lang='grc' dir='ltr'>η</span> <span class='ocrx_word' id='word_1_115' title='bbox 86 1829 274 1905; x_wconf 88' lang='lat' dir='ltr'><strong>particularis</strong></span> <span class='ocrx_word' id='word_1_116' title='bbox 300 1847 352 1908; x_wconf 90' lang='lat' dir='ltr'><strong>per</strong></span> <span class='ocrx_word' id='word_1_117' title='bbox 374 1833 569 1890; x_wconf 84' lang='lat' dir='ltr'><strong>intentionem</strong></span> <span class='ocrx_word' id='word_1_118' title='bbox 594 1829 767 1910; x_wconf 83' lang='lat' dir='ltr'><strong>generalem</strong></span> <span class='ocrx_word' id='word_1_119' title='bbox 788 1827 981 1892; x_wconf 86' lang='lat' dir='ltr'><strong>contrahendi</strong></span> <span class='ocrx_word' id='word_1_120' title='bbox 1003 1831 1231 1889; x_wconf 88' lang='lat' dir='ltr'><strong>matrimonium·</strong></span> 
     </span>
     <span class='ocr_line' id='line_1_17' title="bbox 85 1929 1226 2020; baseline 0.003 -32"><span class='ocrx_word' id='word_1_121' title='bbox 85 1935 173 2008; x_wconf 91' lang='lat' dir='ltr'><strong>prout</strong></span> <span class='ocrx_word' id='word_1_122' title='bbox 195 1930 267 1990; x_wconf 92' lang='lat' dir='ltr'><strong>illud</strong></span> <span class='ocrx_word' id='word_1_123' title='bbox 292 1931 496 2020; x_wconf 75' lang='lat' dir='ltr'><strong>aChristianis</strong></span> <span class='ocrx_word' id='word_1_124' title='bbox 519 1933 595 1993; x_wconf 88' lang='lat' dir='ltr'><strong>solet</strong></span> <span class='ocrx_word' id='word_1_125' title='bbox 618 1937 648 1992; x_wconf 87' lang='lat' dir='ltr'><strong>et</strong></span> <span class='ocrx_word' id='word_1_126' title='bbox 668 1938 765 2010; x_wconf 88' lang='lat' dir='ltr'><strong>potest</strong></span> <span class='ocrx_word' id='word_1_127' title='bbox 783 1929 927 2007; x_wconf 91' lang='lat' dir='ltr'><strong>contrahi,</strong></span> <span class='ocrx_word' id='word_1_128' title='bbox 955 1931 1067 1992; x_wconf 89' lang='lat' dir='ltr'><strong>tollitur</strong></span> <span class='ocrx_word' id='word_1_129' title='bbox 1081 1931 1130 1992; x_wconf 86' lang='lat' dir='ltr'><strong>vel</strong></span> <span class='ocrx_word' id='word_1_130' title='bbox 1153 1949 1226 1992; x_wconf 90' lang='lat' dir='ltr'><strong>aor-</strong></span> 
     </span>
     <span class='ocr_line' id='line_1_18' title="bbox 84 2034 1226 2116; baseline 0.002 -24"><span class='ocrx_word' id='word_1_131' title='bbox 84 2037 208 2115; x_wconf 80' lang='lat' dir='ltr'><strong>rigitur3</strong></span> <span class='ocrx_word' id='word_1_132' title='bbox 240 2052 306 2094; x_wconf 91' lang='lat' dir='ltr'><strong>nam</strong></span> <span class='ocrx_word' id='word_1_133' title='bbox 335 2035 414 2095; x_wconf 89' lang='lat' dir='ltr'><strong>idem</strong></span> <span class='ocrx_word' id='word_1_134' title='bbox 443 2039 532 2095; x_wconf 89' lang='lat' dir='ltr'><strong>etiam</strong></span> <span class='ocrx_word' id='word_1_135' title='bbox 562 2040 711 2116; x_wconf 85' lang='lat' dir='ltr'><strong>contingit</strong></span> <span class='ocrx_word' id='word_1_136' title='bbox 739 2039 769 2094; x_wconf 94' lang='lat' dir='ltr'><strong>in</strong></span> <span class='ocrx_word' id='word_1_137' title='bbox 791 2034 954 2112; x_wconf 89' lang='lat' dir='ltr'><strong>baptismo,</strong></span> <span class='ocrx_word' id='word_1_138' title='bbox 985 2051 1073 2114; x_wconf 85' lang='lat' dir='ltr'><strong>quem</strong></span> <span class='ocrx_word' id='word_1_139' title='bbox 1105 2037 1130 2095; x_wconf 91' lang='lat' dir='ltr'><strong>si</strong></span> <span class='ocrx_word' id='word_1_140' title='bbox 1160 2038 1226 2113; x_wconf 89' lang='lat' dir='ltr'><strong>quis</strong></span> 
     </span>
     <span class='ocr_line' id='line_1_19' title="bbox 85 2134 1224 2216; baseline 0.001 -20"><span class='ocrx_word' id='word_1_141' title='bbox 85 2141 168 2213; x_wconf 87' lang='lat' dir='ltr'><strong>putet</strong></span> <span class='ocrx_word' id='word_1_142' title='bbox 192 2136 343 2198; x_wconf 82' lang='lat' dir='ltr'><strong>fictionem</strong></span> <span class='ocrx_word' id='word_1_143' title='bbox 368 2155 450 2216; x_wconf 88' lang='lat' dir='ltr'><strong>esse,</strong></span> <span class='ocrx_word' id='word_1_144' title='bbox 478 2137 565 2200; x_wconf 92' lang='lat' dir='ltr'><strong>modo</strong></span> <span class='ocrx_word' id='word_1_145' title='bbox 588 2139 721 2200; x_wconf 86' lang='lat' dir='ltr'><strong>intendat</strong></span> <span class='ocrx_word' id='word_1_146' title='bbox 745 2137 859 2214; x_wconf 88' lang='lat' dir='ltr'><strong>lacere,</strong></span> <span class='ocrx_word' id='word_1_147' title='bbox 884 2135 963 2214; x_wconf 86' lang='lat' dir='ltr'><strong>quod</strong></span> <span class='ocrx_word' id='word_1_148' title='bbox 986 2135 1057 2199; x_wconf 86' lang='lat' dir='ltr'><strong>iacit</strong></span> <span class='ocrx_word' id='word_1_149' title='bbox 1078 2134 1224 2214; x_wconf 87' lang='lat' dir='ltr'><strong>Ecclesia,</strong></span> 
     </span>
     <span class='ocr_line' id='line_1_20' title="bbox 85 2239 806 2323; baseline 0.003 -25"><span class='ocrx_word' id='word_1_150' title='bbox 85 2239 185 2299; x_wconf 91' lang='lat' dir='ltr'><strong>valide</strong></span> <span class='ocrx_word' id='word_1_151' title='bbox 209 2240 361 2302; x_wconf 77' lang='lat' dir='ltr'><strong>confert.“</strong></span> <span class='ocrx_word' id='word_1_152' title='bbox 384 2240 634 2323; x_wconf 82' lang='lat' dir='ltr'><strong>Schmalzgruher</strong></span> <span class='ocrx_word' id='word_1_153' title='bbox 656 2248 687 2302; x_wconf 87' lang='lat' dir='ltr'><strong>et</strong></span> <span class='ocrx_word' id='word_1_154' title='bbox 709 2241 768 2302; x_wconf 91' lang='lat' dir='ltr'><strong>alii.</strong></span> <span class='ocrx_word' id='word_1_155' title='bbox 782 2245 806 2312; x_wconf 43' lang='grc' dir='ltr'><strong>ἠ)</strong></span> 
     </span>
    </p>
   </div>
   <div class='ocr_carea' id='block_1_3' title="bbox 362 2424 908 2606">
    <p class='ocr_par' dir='ltr' id='par_1_5' title="bbox 362 2424 908 2606">
     <span class='ocr_line' id='line_1_21' title="bbox 636 2424 696 2488; baseline 0.017 -2"><span class='ocrx_word' id='word_1_156' title='bbox 636 2471 641 2486; x_wconf 94' lang='grc'><strong><em>.</em></strong></span> <span class='ocrx_word' id='word_1_157' title='bbox 664 2424 696 2488; x_wconf 81' lang='lat' dir='ltr'><strong>S.</strong></span> 
     </span>
     <span class='ocr_line' id='line_1_22' title="bbox 362 2432 908 2606; baseline 0 -16"><span class='ocrx_word' id='word_1_158' title='bbox 362 2533 413 2590; x_wconf 86' lang='lat' dir='ltr'><strong>De</strong></span> <span class='ocrx_word' id='word_1_159' title='bbox 430 2531 559 2606; x_wconf 83' lang='lat' dir='ltr'><strong>triplici</strong></span> <span class='ocrx_word' id='word_1_160' title='bbox 575 2432 669 2590; x_wconf 74' lang='lat' dir='ltr'><strong>bo§no</strong></span> <span class='ocrx_word' id='word_1_161' title='bbox 685 2531 908 2594; x_wconf 82' lang='lat' dir='ltr'><strong>matrimonii.</strong></span> 
     </span>
    </p>
   </div>
   <div class='ocr_carea' id='block_1_4' title="bbox 84 2666 1225 3163">
    <p class='ocr_par' dir='ltr' id='par_1_6' title="bbox 84 2666 1225 3163">
     <span class='ocr_line' id='line_1_23' title="bbox 168 2666 1222 2762; baseline 0.001 -35"><span class='ocrx_word' id='word_1_162' title='bbox 168 2667 188 2732; x_wconf 82' lang='lat' dir='ltr'><strong>l,</strong></span> <span class='ocrx_word' id='word_1_163' title='bbox 218 2671 260 2730; x_wconf 81' lang='lat' dir='ltr'><strong>tte</strong></span> <span class='ocrx_word' id='word_1_164' title='bbox 279 2671 385 2750; x_wconf 88' lang='lat' dir='ltr'><strong>triplici</strong></span> <span class='ocrx_word' id='word_1_165' title='bbox 401 2671 480 2731; x_wconf 92' lang='lat' dir='ltr'><strong>hono</strong></span> <span class='ocrx_word' id='word_1_166' title='bbox 499 2674 678 2732; x_wconf 88' lang='lat' dir='ltr'><strong>matrimonii</strong></span> <span class='ocrx_word' id='word_1_167' title='bbox 695 2690 753 2733; x_wconf 92' lang='lat' dir='ltr'><strong>non</strong></span> <span class='ocrx_word' id='word_1_168' title='bbox 775 2677 886 2732; x_wconf 88' lang='lat' dir='ltr'><strong>tanturn</strong></span> <span class='ocrx_word' id='word_1_169' title='bbox 905 2671 967 2751; x_wconf 87' lang='lat' dir='ltr'><strong>jam</strong></span> <span class='ocrx_word' id='word_1_170' title='bbox 984 2666 1222 2762; x_wconf 62' lang='lat' dir='ltr'><strong>antiquiPaires,</strong></span> 
     </span>
     <span class='ocr_line' id='line_1_24' title="bbox 85 2769 1225 2858; baseline 0.001 -27"><span class='ocrx_word' id='word_1_171' title='bbox 85 2779 113 2831; x_wconf 89' lang='lat' dir='ltr'><strong>ut</strong></span> <span class='ocrx_word' id='word_1_172' title='bbox 137 2773 166 2834; x_wconf 90' lang='lat' dir='ltr'><strong>S.</strong></span> <span class='ocrx_word' id='word_1_173' title='bbox 192 2774 396 2855; x_wconf 84' lang='lat' dir='ltr'><strong>Augustinus,</strong></span> <span class='ocrx_word' id='word_1_174' title='bbox 410 2772 438 2847; x_wconf 82' lang='lat'><strong>²)</strong></span> <span class='ocrx_word' id='word_1_175' title='bbox 469 2779 499 2832; x_wconf 91' lang='lat' dir='ltr'><strong>ct</strong></span> <span class='ocrx_word' id='word_1_176' title='bbox 521 2779 719 2836; x_wconf 88' lang='lat' dir='ltr'><strong>communiter</strong></span> <span class='ocrx_word' id='word_1_177' title='bbox 742 2773 904 2858; x_wconf 84' lang='lat' dir='ltr'><strong>Theologi,</strong></span> <span class='ocrx_word' id='word_1_178' title='bbox 929 2773 983 2835; x_wconf 90' lang='lat' dir='ltr'><strong>sed</strong></span> <span class='ocrx_word' id='word_1_179' title='bbox 1006 2775 1095 2832; x_wconf 88' lang='lat' dir='ltr'><strong>etiarn</strong></span> <span class='ocrx_word' id='word_1_180' title='bbox 1118 2769 1225 2853; x_wconf 85' lang='lat' dir='ltr'><strong>Euge-</strong></span> 
     </span>
     <span class='ocr_line' id='line_1_25' title="bbox 84 2873 1224 2951; baseline 0.001 -17"><span class='ocrx_word' id='word_1_181' title='bbox 84 2879 150 2936; x_wconf 88' lang='lat' dir='ltr'><strong>nios</strong></span> <span class='ocrx_word' id='word_1_182' title='bbox 174 2874 222 2936; x_wconf 92' lang='lat' dir='ltr'><strong>lV.</strong></span> <span class='ocrx_word' id='word_1_183' title='bbox 247 2881 277 2937; x_wconf 92' lang='lat' dir='ltr'><strong>in</strong></span> <span class='ocrx_word' id='word_1_184' title='bbox 300 2875 421 2938; x_wconf 90' lang='lat' dir='ltr'><strong>decreto</strong></span> <span class='ocrx_word' id='word_1_185' title='bbox 445 2873 606 2951; x_wconf 76' lang='lat' dir='ltr'><strong>Unionis3)</strong></span> <span class='ocrx_word' id='word_1_186' title='bbox 630 2883 660 2938; x_wconf 88' lang='lat' dir='ltr'><strong>ei</strong></span> <span class='ocrx_word' id='word_1_187' title='bbox 683 2877 857 2939; x_wconf 76' lang='lat' dir='ltr'><strong>catechism.</strong></span> <span class='ocrx_word' id='word_1_188' title='bbox 875 2873 1069 2950; x_wconf 79' lang='lat' dir='ltr'><strong>Romanus4)</strong></span> <span class='ocrx_word' id='word_1_189' title='bbox 1093 2879 1224 2936; x_wconf 89' lang='lat' dir='ltr'><strong>mentio-</strong></span> 
     </span>
     <span class='ocr_line' id='line_1_26' title="bbox 86 2977 1222 3057; baseline 0.002 -21"><span class='ocrx_word' id='word_1_190' title='bbox 86 2997 151 3038; x_wconf 88' lang='lat' dir='ltr'><strong>nem</strong></span> <span class='ocrx_word' id='word_1_191' title='bbox 176 2977 298 3040; x_wconf 89' lang='lat' dir='ltr'><strong>faciunt.</strong></span> <span class='ocrx_word' id='word_1_192' title='bbox 323 2979 403 3041; x_wconf 89' lang='lat' dir='ltr'><strong>Haec</strong></span> <span class='ocrx_word' id='word_1_193' title='bbox 426 2985 526 3040; x_wconf 88' lang='lat' dir='ltr'><strong>autern</strong></span> <span class='ocrx_word' id='word_1_194' title='bbox 549 2979 626 3044; x_wconf 89' lang='lat' dir='ltr'><strong>hona</strong></span> <span class='ocrx_word' id='word_1_195' title='bbox 644 2983 833 3042; x_wconf 82' lang='lat' dir='ltr'><strong>matrimonii</strong></span> <span class='ocrx_word' id='word_1_196' title='bbox 847 2986 1001 3057; x_wconf 82' lang='lat' dir='ltr'><strong>vocantur,</strong></span> <span class='ocrx_word' id='word_1_197' title='bbox 1027 2997 1087 3041; x_wconf 93' lang='lat' dir='ltr'><strong>non</strong></span> <span class='ocrx_word' id='word_1_198' title='bbox 1110 2985 1222 3039; x_wconf 88' lang='lat' dir='ltr'><strong>tantum</strong></span> 
     </span>
     <span class='ocr_line' id='line_1_27' title="bbox 85 3081 1221 3163; baseline -0.001 -21"><span class='ocrx_word' id='word_1_199' title='bbox 85 3085 152 3159; x_wconf 88' lang='lat' dir='ltr'><strong>quia</strong></span> <span class='ocrx_word' id='word_1_200' title='bbox 178 3085 209 3141; x_wconf 91' lang='lat' dir='ltr'><strong>in</strong></span> <span class='ocrx_word' id='word_1_201' title='bbox 233 3099 266 3142; x_wconf 90' lang='lat' dir='ltr'><strong>se</strong></span> <span class='ocrx_word' id='word_1_202' title='bbox 290 3089 358 3143; x_wconf 86' lang='lat' dir='ltr'><strong>sunt</strong></span> <span class='ocrx_word' id='word_1_203' title='bbox 382 3081 457 3144; x_wconf 90' lang='lat' dir='ltr'><strong>bona</strong></span> <span class='ocrx_word' id='word_1_204' title='bbox 481 3089 511 3144; x_wconf 90' lang='lat' dir='ltr'><strong>et</strong></span> <span class='ocrx_word' id='word_1_205' title='bbox 534 3101 572 3143; x_wconf 91' lang='lat' dir='ltr'><strong>ex</strong></span> <span class='ocrx_word' id='word_1_206' title='bbox 596 3087 783 3146; x_wconf 88' lang='lat' dir='ltr'><strong>matrimonio</strong></span> <span class='ocrx_word' id='word_1_207' title='bbox 808 3087 1005 3163; x_wconf 89' lang='lat' dir='ltr'><strong>proveniunt,</strong></span> <span class='ocrx_word' id='word_1_208' title='bbox 1037 3081 1090 3144; x_wconf 90' lang='lat' dir='ltr'><strong>sed</strong></span> <span class='ocrx_word' id='word_1_209' title='bbox 1113 3085 1221 3161; x_wconf 90' lang='lat' dir='ltr'><strong>potius,</strong></span> 
     </span>
    </p>
   </div>
   <div class='ocr_carea' id='block_1_5' title="bbox 113 3319 1223 4079">
    <p class='ocr_par' dir='ltr' id='par_1_7' title="bbox 115 3319 366 3386">
     <span class='ocr_line' id='line_1_28' title="bbox 115 3319 366 3386; baseline -0.004 -15"><span class='ocrx_word' id='word_1_210' title='bbox 115 3323 134 3386; x_wconf 83' lang='lat'><strong>¹)</strong></span> <span class='ocrx_word' id='word_1_211' title='bbox 155 3319 227 3371; x_wconf 84' lang='lat' dir='ltr'><strong>Cani.</strong></span> <span class='ocrx_word' id='word_1_212' title='bbox 248 3320 304 3372; x_wconf 82' lang='lat' dir='ltr'><strong>Cas.</strong></span> <span class='ocrx_word' id='word_1_213' title='bbox 324 3319 366 3370; x_wconf 82' lang='lat' dir='ltr'><strong>tx.</strong></span> 
     </span>
    </p>

    <p class='ocr_par' dir='ltr' id='par_1_8' title="bbox 114 3405 1222 3561">
     <span class='ocr_line' id='line_1_29' title="bbox 114 3405 1222 3478; baseline 0.001 -23"><span class='ocrx_word' id='word_1_214' title='bbox 114 3408 135 3470; x_wconf 78' lang='lat'><strong>²)</strong></span> <span class='ocrx_word' id='word_1_215' title='bbox 156 3407 185 3456; x_wconf 93' lang='lat' dir='ltr'><strong>ln</strong></span> <span class='ocrx_word' id='word_1_216' title='bbox 204 3422 272 3473; x_wconf 92' lang='lat' dir='ltr'><strong>corp.</strong></span> <span class='ocrx_word' id='word_1_217' title='bbox 291 3405 359 3457; x_wconf 80' lang='lat' dir='ltr'><strong>iuris</strong></span> <span class='ocrx_word' id='word_1_218' title='bbox 378 3409 506 3458; x_wconf 87' lang='lat' dir='ltr'><strong>canonici:</strong></span> <span class='ocrx_word' id='word_1_219' title='bbox 527 3407 558 3459; x_wconf 86' lang='lat'><strong>10</strong></span> <span class='ocrx_word' id='word_1_220' title='bbox 578 3425 599 3458; x_wconf 91' lang='lat' dir='ltr'><strong>c.</strong></span> <span class='ocrx_word' id='word_1_221' title='bbox 617 3407 708 3459; x_wconf 86' lang='lat' dir='ltr'><strong>XXVll</strong></span> <span class='ocrx_word' id='word_1_222' title='bbox 728 3426 748 3460; x_wconf 91' lang='lat' dir='ltr'><strong>c.</strong></span> <span class='ocrx_word' id='word_1_223' title='bbox 769 3428 792 3478; x_wconf 89' lang='lat' dir='ltr'><strong>q.</strong></span> <span class='ocrx_word' id='word_1_224' title='bbox 810 3411 834 3461; x_wconf 77' lang='lat'><strong>2.</strong></span> <span class='ocrx_word' id='word_1_225' title='bbox 859 3407 959 3472; x_wconf 87' lang='lat' dir='ltr'><strong>„Omne</strong></span> <span class='ocrx_word' id='word_1_226' title='bbox 978 3411 1061 3477; x_wconf 86' lang='lat' dir='ltr'><strong>itaque</strong></span> <span class='ocrx_word' id='word_1_227' title='bbox 1081 3409 1222 3474; x_wconf 91' lang='lat' dir='ltr'><strong>nuptiarum</strong></span> 
     </span>
     <span class='ocr_line' id='line_1_30' title="bbox 156 3491 955 3561; baseline 0.005 -20"><span class='ocrx_word' id='word_1_228' title='bbox 156 3493 252 3542; x_wconf 88' lang='lat' dir='ltr'><strong>honum</strong></span> <span class='ocrx_word' id='word_1_229' title='bbox 270 3491 400 3560; x_wconf 86' lang='lat' dir='ltr'><strong>impletura</strong></span> <span class='ocrx_word' id='word_1_230' title='bbox 419 3502 457 3544; x_wconf 86' lang='lat' dir='ltr'><strong>eat</strong></span> <span class='ocrx_word' id='word_1_231' title='bbox 475 3531 481 3544; x_wconf 90' lang='lat'><strong>.</strong></span> <span class='ocrx_word' id='word_1_232' title='bbox 500 3531 505 3544; x_wconf 94' lang='lat'>.</span> <span class='ocrx_word' id='word_1_233' title='bbox 525 3531 531 3544; x_wconf 91' lang='lat'><em>.</em></span> <span class='ocrx_word' id='word_1_234' title='bbox 550 3495 648 3561; x_wconf 88' lang='lat' dir='ltr'><strong>proles,</strong></span> <span class='ocrx_word' id='word_1_235' title='bbox 667 3493 743 3554; x_wconf 84' lang='lat' dir='ltr'><strong>fides,</strong></span> <span class='ocrx_word' id='word_1_236' title='bbox 761 3505 955 3546; x_wconf 88' lang='lat' dir='ltr'><strong>sacramentum.</strong></span> 
     </span>
    </p>

    <p class='ocr_par' dir='ltr' id='par_1_9' title="bbox 115 3577 1223 3990">
     <span class='ocr_line' id='line_1_31' title="bbox 115 3577 1223 3648; baseline 0.002 -20"><span class='ocrx_word' id='word_1_237' title='bbox 115 3578 137 3641; x_wconf 80' lang='lat'><strong>³)</strong></span> <span class='ocrx_word' id='word_1_238' title='bbox 158 3577 328 3646; x_wconf 72' lang='lat' dir='ltr'><strong>„designatur</strong></span> <span class='ocrx_word' id='word_1_239' title='bbox 352 3589 434 3630; x_wconf 86' lang='lat' dir='ltr'><strong>autem</strong></span> <span class='ocrx_word' id='word_1_240' title='bbox 453 3581 543 3646; x_wconf 84' lang='lat' dir='ltr'><strong>triplex</strong></span> <span class='ocrx_word' id='word_1_241' title='bbox 561 3580 653 3632; x_wconf 92' lang='lat' dir='ltr'><strong>honum</strong></span> <span class='ocrx_word' id='word_1_242' title='bbox 672 3583 834 3644; x_wconf 85' lang='lat' dir='ltr'><strong>inatrimonii3</strong></span> <span class='ocrx_word' id='word_1_243' title='bbox 859 3584 965 3648; x_wconf 87' lang='lat' dir='ltr'><strong>primurn</strong></span> <span class='ocrx_word' id='word_1_244' title='bbox 985 3588 1022 3630; x_wconf 85' lang='lat' dir='ltr'><strong>ert</strong></span> <span class='ocrx_word' id='word_1_245' title='bbox 1041 3579 1123 3646; x_wconf 87' lang='lat' dir='ltr'><strong>proles</strong></span> <span class='ocrx_word' id='word_1_246' title='bbox 1141 3582 1223 3630; x_wconf 80' lang='lat' dir='ltr'><strong>aruci-</strong></span> 
     </span>
     <span class='ocr_line' id='line_1_32' title="bbox 154 3664 1221 3736; baseline 0.002 -22"><span class='ocrx_word' id='word_1_247' title='bbox 154 3664 247 3730; x_wconf 88' lang='lat' dir='ltr'><strong>pienda</strong></span> <span class='ocrx_word' id='word_1_248' title='bbox 272 3672 297 3714; x_wconf 85' lang='lat' dir='ltr'><strong>et</strong></span> <span class='ocrx_word' id='word_1_249' title='bbox 321 3665 452 3716; x_wconf 88' lang='lat' dir='ltr'><strong>educanda</strong></span> <span class='ocrx_word' id='word_1_250' title='bbox 476 3667 506 3717; x_wconf 93' lang='lat' dir='ltr'><strong>ad</strong></span> <span class='ocrx_word' id='word_1_251' title='bbox 530 3667 623 3720; x_wconf 88' lang='lat' dir='ltr'><strong>cultum</strong></span> <span class='ocrx_word' id='word_1_252' title='bbox 647 3667 706 3736; x_wconf 81' lang='lat' dir='ltr'><strong>Dai3</strong></span> <span class='ocrx_word' id='word_1_253' title='bbox 731 3668 870 3720; x_wconf 85' lang='lat' dir='ltr'><strong>secundam</strong></span> <span class='ocrx_word' id='word_1_254' title='bbox 895 3676 933 3718; x_wconf 87' lang='lat' dir='ltr'><strong>est</strong></span> <span class='ocrx_word' id='word_1_255' title='bbox 955 3666 1031 3728; x_wconf 82' lang='lat' dir='ltr'><strong>fider,</strong></span> <span class='ocrx_word' id='word_1_256' title='bbox 1058 3681 1132 3734; x_wconf 91' lang='lat' dir='ltr'><strong>quam</strong></span> <span class='ocrx_word' id='word_1_257' title='bbox 1156 3681 1221 3716; x_wconf 85' lang='lat' dir='ltr'><strong>unua</strong></span> 
     </span>
     <span class='ocr_line' id='line_1_33' title="bbox 157 3747 1220 3818; baseline 0.004 -20"><span class='ocrx_word' id='word_1_258' title='bbox 157 3747 293 3816; x_wconf 82' lang='lat' dir='ltr'><strong>conjugum</strong></span> <span class='ocrx_word' id='word_1_259' title='bbox 320 3751 391 3802; x_wconf 88' lang='lat' dir='ltr'><strong>alteri</strong></span> <span class='ocrx_word' id='word_1_260' title='bbox 417 3767 519 3804; x_wconf 84' lang='lat' dir='ltr'><strong>servare</strong></span> <span class='ocrx_word' id='word_1_261' title='bbox 546 3753 633 3818; x_wconf 80' lang='lat' dir='ltr'><strong>debe13</strong></span> <span class='ocrx_word' id='word_1_262' title='bbox 659 3755 760 3804; x_wconf 86' lang='lat' dir='ltr'><strong>tertium</strong></span> <span class='ocrx_word' id='word_1_263' title='bbox 787 3763 825 3805; x_wconf 88' lang='lat' dir='ltr'><strong>est</strong></span> <span class='ocrx_word' id='word_1_264' title='bbox 851 3752 1035 3812; x_wconf 79' lang='lat' dir='ltr'><strong>indivisibilitas</strong></span> <span class='ocrx_word' id='word_1_265' title='bbox 1062 3753 1220 3814; x_wconf 83' lang='lat' dir='ltr'><strong>matrimonii,</strong></span> 
     </span>
     <span class='ocr_line' id='line_1_34' title="bbox 155 3833 1220 3906; baseline 0.002 -22"><span class='ocrx_word' id='word_1_266' title='bbox 155 3842 257 3900; x_wconf 87' lang='lat' dir='ltr'><strong>propter</strong></span> <span class='ocrx_word' id='word_1_267' title='bbox 281 3833 329 3884; x_wconf 90' lang='lat' dir='ltr'><strong>hoc</strong></span> <span class='ocrx_word' id='word_1_268' title='bbox 348 3835 416 3903; x_wconf 89' lang='lat' dir='ltr'><strong>quod</strong></span> <span class='ocrx_word' id='word_1_269' title='bbox 440 3839 564 3906; x_wconf 86' lang='lat' dir='ltr'><strong>significat</strong></span> <span class='ocrx_word' id='word_1_270' title='bbox 586 3838 766 3890; x_wconf 85' lang='lat' dir='ltr'><strong>indivisibilem</strong></span> <span class='ocrx_word' id='word_1_271' title='bbox 791 3840 994 3904; x_wconf 89' lang='lat' dir='ltr'><strong>conjunctionem</strong></span> <span class='ocrx_word' id='word_1_272' title='bbox 1014 3835 1103 3890; x_wconf 84' lang='lat' dir='ltr'><strong>Christi</strong></span> <span class='ocrx_word' id='word_1_273' title='bbox 1128 3843 1152 3886; x_wconf 90' lang='lat' dir='ltr'><strong>et</strong></span> <span class='ocrx_word' id='word_1_274' title='bbox 1169 3835 1220 3886; x_wconf 84' lang='lat' dir='ltr'><strong>Ec-</strong></span> 
     </span>
     <span class='ocr_line' id='line_1_35' title="bbox 153 3920 543 3990; baseline 0.01 -20"><span class='ocrx_word' id='word_1_275' title='bbox 153 3921 270 3971; x_wconf 82' lang='lat' dir='ltr'><strong>clesiae.“</strong></span> <span class='ocrx_word' id='word_1_276' title='bbox 294 3920 423 3972; x_wconf 85' lang='lat' dir='ltr'><strong>Euchirid.</strong></span> <span class='ocrx_word' id='word_1_277' title='bbox 443 3939 467 3990; x_wconf 93' lang='lat' dir='ltr'><strong>p.</strong></span> <span class='ocrx_word' id='word_1_278' title='bbox 485 3926 543 3976; x_wconf 81' lang='lat'><strong>206.</strong></span> 
     </span>
    </p>

    <p class='ocr_par' dir='ltr' id='par_1_10' title="bbox 113 4006 701 4079">
     <span class='ocr_line' id='line_1_36' title="bbox 113 4006 701 4079; baseline 0.005 -20"><span class='ocrx_word' id='word_1_279' title='bbox 113 4006 135 4072; x_wconf 61' lang='grc'><strong>4)</strong></span> <span class='ocrx_word' id='word_1_280' title='bbox 154 4006 256 4060; x_wconf 85' lang='lat' dir='ltr'><strong>Catach.</strong></span> <span class='ocrx_word' id='word_1_281' title='bbox 275 4007 346 4059; x_wconf 86' lang='lat' dir='ltr'><strong>Rom.</strong></span> <span class='ocrx_word' id='word_1_282' title='bbox 365 4024 389 4074; x_wconf 89' lang='lat' dir='ltr'><strong>p.</strong></span> <span class='ocrx_word' id='word_1_283' title='bbox 409 4007 440 4059; x_wconf 93' lang='lat' dir='ltr'><strong>ll.</strong></span> <span class='ocrx_word' id='word_1_284' title='bbox 459 4025 481 4060; x_wconf 84' lang='lat' dir='ltr'><strong>a.</strong></span> <span class='ocrx_word' id='word_1_285' title='bbox 500 4009 523 4060; x_wconf 87' lang='grc'><strong>8.</strong></span> <span class='ocrx_word' id='word_1_286' title='bbox 546 4019 641 4079; x_wconf 87' lang='lat' dir='ltr'><strong>quaest.</strong></span> <span class='ocrx_word' id='word_1_287' title='bbox 660 4011 701 4063; x_wconf 83' lang='lat'><strong>23.</strong></span> 
     </span>
    </p>
   </div>
   <div class='ocr_carea' id='block_1_6' title="bbox 0 0 1376 4660">
    <p class='ocr_par' dir='ltr' id='par_1_11' title="bbox 0 0 1376 4660">
     <span class='ocr_line' id='line_1_37' title="bbox 0 0 1376 4660; baseline 0 1"><span class='ocrx_word' id='word_1_288' title='bbox 0 0 1376 4660; x_wconf 95' lang='lat' dir='ltr'><strong> </strong></span> 
     </span>
    </p>
   </div>
  </div>
 </body>
</html>
