2746 4646
49 148 61 170 ⁸
170 183 212 256 ΒΘ
436 198 474 251 ua
491 151 675 268 rapu-aaa
693 195 887 268 muraenas
904 201 931 252 n
949 201 1042 268 neue.

168 367 245 423 mate
269 359 445 435 decla-ravit,
477 361 559 418 irrita
583 357 636 419 sed
658 375 745 434 vera,
776 363 838 419 rata
868 363 899 417 et
930 357 1025 418 valida
1058 357 1180 418 inerunt
1194 356 1220 430 ¹)
1252 375 1307 417 ncc

172 482 233 525 non
255 461 352 524 valida
375 467 603 540 permanserunt
625 465 691 538 post
715 459 803 522 Cone.
828 459 907 521 Trid.
930 463 961 519 in
984 460 1121 520 omuibus
1144 460 1228 537 locis,
1256 459 1306 520 ubi

82 643 83 646 Ἴ
167 566 319 627 decretum
336 563 373 624 de
390 563 627 624 clandestinitate
641 577 701 622 non
716 567 773 624 rite
791 567 836 622 est
851 562 1053 641 publicatum
1076 561 1210 641 synodus
1224 565 1305 622 enim

166 667 278 731 addidit
303 665 344 728 ilii
375 663 497 727 decreto
526 669 712 726 matrimonia
747 663 929 726 clandestina
963 663 1150 743 postmodum
1175 669 1305 725 irritanti

164 769 240 831 hanc
271 769 447 830 clausulam:
471 767 533 844 „Ut
565 766 651 848 hujus
682 766 761 830 modi
794 765 947 828 decretum
970 765 1022 844 (de
1054 765 1306 839 clandestinituie)

164 873 197 932 in
213 888 399 950 meoque
425 871 576 950 parochio
605 889 694 932 suum
722 871 819 930 robur
845 875 918 948 post
948 873 1076 947 triptota
1106 871 1172 930 dies
1194 868 1306 929 habere

164 977 295 1053 incipiat,
319 991 336 1033 a
358 973 406 1032 die
430 977 541 1050 primae
565 972 770 1051 publicationis
792 975 823 1033 in
840 971 944 1032 eadem
967 971 1105 1052 parochia
1126 972 1226 1033 faciae
1246 989 1307 1032 nu-

151 1059 365 1148 'merandos;“
395 1073 475 1135 unde
502 1080 547 1136 sat
577 1075 708 1136 ostendit
741 1073 894 1155 synodus,
927 1093 961 1134 se
989 1075 1120 1136 noluisse
1150 1073 1305 1135 decretum

165 1177 222 1238 hoe
238 1181 297 1237 vim
314 1195 397 1238 snam
420 1175 530 1237 habere
550 1175 586 1236 ad
604 1175 780 1237 irritandum
799 1165 1019 1239 matrimonium
1037 1180 1121 1238 iniis
1142 1177 1304 1256 parochiis,

87 1359 93 1370 ,
165 1285 196 1342 in
219 1279 326 1360 quibus
349 1278 529 1358 publicatum
553 1296 613 1341 nen
637 1278 700 1354 suit,
726 1295 904 1359 quacunque
934 1286 1032 1341 tamen
1062 1285 1177 1342 ratione
1201 1280 1305 1360 puhli-

164 1386 243 1444 caiio
264 1381 407 1460 impedita
429 1381 529 1442 fuerit.
575 1381 608 1440 ln
631 1379 800 1460 hujusmodi
822 1399 898 1464 ergo
928 1381 1002 1444 locis
1025 1380 1121 1444 adhuc
1146 1383 1203 1461 jusw
1220 1386 1305 1444 anti-

55 1483 57 1488 *
165 1501 256 1562 quum
280 1484 317 1545 de
340 1487 539 1546 matrimoniis
571 1483 762 1544 clandestinis
784 1488 876 1565 viget.

251 1585 299 1646 iti.
324 1586 406 1647 luter
425 1605 529 1648 omnes
546 1589 695 1662 convenit,
720 1585 931 1668 obligationem
955 1604 994 1646 ex
1016 1586 1072 1648 hoe
1087 1585 1305 1665 impedimento

60 1705 64 1709 ·
164 1707 232 1752 esse
248 1707 381 1772 gravem,
403 1687 532 1767 ideoque
549 1691 681 1770 graviter
703 1705 827 1766 peccare
852 1693 1017 1770 generatim
1035 1695 1305 1771 contra-agentes3

162 1807 230 1853 cum
253 1798 362 1868 autem,
383 1795 418 1852 'nt
440 1789 579 1864 diximus
604 1789 773 1869 iujrrsuodi
789 1794 976 1850 matrimonia
992 1807 1053 1852 non
1072 1791 1305 1854 absolute-esse

164 1898 326 1955 intrinsece
350 1893 426 1953 mala
448 1891 518 1954 hinc
541 1909 579 1952 ex
596 1895 688 1953 variis
710 1897 809 1954 causis
832 1893 918 1972 justis
931 1887 1058 1952 honesta
1076 1913 1110 1954 ae
1132 1893 1214 1955 licita
1237 1893 1304 1954 fieri

162 1995 296 2076 possunt.
341 1993 560 2055 ACanooistis
583 1998 775 2076 assignantur
797 1999 929 2074 quinqua
951 2000 1111 2074 praecipue
1135 2013 1240 2073 casus,
1271 2001 1304 2057 in

58 2146 63 2160 .
163 2097 269 2177 quibus
299 2099 484 2158 matrimonia
513 2096 696 2158 clandestina
728 2096 825 2157 valide
857 2103 887 2156 et
910 2097 991 2157 licite
1012 2101 1080 2158 iniri
1105 2105 1229 2177 possunt
1251 2102 1304 2159 ci-

162 2201 218 2262 cet.
243 2200 373 2274 intecit,
395 2199 449 2258 udi
462 2198 520 2274 jue
534 2202 694 2278 antiquum
712 2203 803 2278 nipct,
828 2199 861 2272 1)
885 2203 910 2260 si
932 2203 972 2259 iia
992 2199 1202 2262 contrahentes
1225 2217 1303 2263 eva-

161 2303 233 2363 dere
265 2307 390 2380 possunt
423 2302 553 2362 subitum
578 2302 745 2380 pericnlum
770 2304 889 2374 mortis3
923 2300 958 2374 2)
980 2304 1005 2361 si
1030 2305 1117 2364 timor
1142 2303 1303 2382 probabilis

161 2408 260 2482 esset,
292 2421 329 2463 ne
352 2403 517 2466 adhibendo
547 2409 639 2465 testas
659 2407 888 2464 matrimonium
918 2403 1066 2465 malitiose
1088 2405 1302 2484 impediretur3

160 2504 194 2581 3)
218 2509 243 2566 si
266 2505 451 2584 expectando
476 2510 566 2566 testes
590 2509 760 2566 amitterent
791 2509 893 2585 spousi
917 2511 1166 2584 opportunitatem
1191 2512 1301 2568 mairi-

161 2611 294 2669 monium
318 2607 529 2684 contrahendi3
552 2605 587 2681 4)
602 2611 626 2670 si
651 2610 714 2668 sine
736 2613 821 2689 gravi
840 2607 948 2670 damno
972 2608 1066 2687 palam
1090 2627 1150 2670 non
1175 2616 1301 2690 possent

51 2737 56 2744 1
162 2709 347 2778 contrahere,
372 2728 400 2768 v.
424 2729 453 2792 g.
477 2713 501 2770 si
526 2713 628 2791 virgo,
659 2709 713 2770 sub
737 2715 843 2772 tutoris
866 2717 1012 2790 potestate
1036 2717 1206 2786 constituta,
1230 2730 1301 2772 me-

163 2815 221 2872 rito
245 2815 358 2888 timeat,
382 2827 415 2872 se
431 2809 603 2872 tradendam
626 2815 692 2873 viro
715 2831 806 2891 pravo
828 2813 878 2873 vel
900 2813 973 2875 alias
987 2815 1112 2896 indigno
1134 2815 1170 2875 ab
1193 2818 1300 2894 iniquo

159 2917 272 2988 totunm
295 2913 331 2988 5)
355 2917 381 2974 si
405 2917 624 2976 matrimonium
648 2910 742 2976 semel
764 2913 882 2994 publice
904 2922 1109 2992 contractum,
1133 2915 1187 2978 sed
1210 2919 1301 2978 inva-

160 3015 219 3076 lide
243 3016 280 3076 ob
302 3019 507 3078 interveniens
535 3015 802 3096 impedimentum,
838 3023 903 3096 post
925 3021 1112 3096 impetratam
1130 3018 1300 3097 dispensa-

159 3121 273 3180 tionem
298 3118 371 3179 ciam
396 3117 494 3181 denuo
518 3115 716 3181 contrahatur.
731 3115 758 3192 ²)

149 3413 159 3430 ι
185 3355 207 3420 ¹)
225 3353 293 3406 ldcm
313 3361 380 3421 patet
398 3368 429 3403 cx
447 3353 541 3404 declar.
560 3351 631 3404 Alex.
651 3351 694 3402 ni.
713 3369 734 3402 c.
753 3351 822 3420 qnod
841 3351 927 3413 nobis,
953 3357 968 3404 2
987 3353 1019 3406 de
1035 3354 1119 3406 claud.
1138 3355 1259 3422 despons.

182 3442 205 3506 ²)
224 3440 355 3502 Similiter,
379 3455 410 3490 ex
429 3441 535 3504 paritate
554 3453 660 3501 causae,
685 3457 732 3506 per
748 3454 778 3488 se
797 3446 958 3502 excusantur,
976 3441 1062 3508 quiin
1084 3443 1189 3508 regiona
1207 3441 1300 3492 hacre-

224 3529 328 3576 ticorum
348 3540 392 3576 seu
412 3525 549 3574 infidelium
569 3523 707 3592 degentes,
736 3525 920 3574 matrimonium
940 3527 1028 3577 incunt
1046 3541 1130 3576 coram
1148 3529 1300 3593 magistratu

223 3611 290 3662 civiti
309 3610 348 3660 vel
373 3610 475 3660 cumino
499 3607 656 3660 clandestina
679 3609 712 3662 ob
736 3611 840 3660 nimiam
866 3609 1008 3660 distantiam
1032 3601 1097 3671 loci,
1122 3609 1164 3660 abi
1188 3608 1300 3662 inveniri

221 3703 303 3762 potest
321 3693 455 3756 sacerdos,
473 3707 525 3743 non
545 3703 628 3744 auteur
647 3694 697 3757 ilii,
722 3697 764 3763 qui
783 3693 935 3746 contrahunt
952 3709 1038 3746 coram
1056 3697 1171 3748 ministro
1190 3698 1299 3748 caatho-

221 3781 278 3842 licc,
297 3781 364 3848 quia,
383 3779 431 3830 hnc
450 3778 559 3846 agendo,
581 3783 652 3847 quasi
671 3781 738 3832 iacto
757 3782 812 3846 ipsc
831 3787 974 3848 agnoscunt
993 3779 1063 3832 ilium
1083 3788 1204 3850 tanquam
1222 3798 1298 3834 suam

220 3868 354 3933 pastorem,
374 3871 399 3914 et
417 3872 603 3932 consequenter
621 3874 726 3928 sectam,
744 3881 819 3932 qnam
839 3865 880 3916 iiie
900 3863 1044 3931 praedicat,
1069 3873 1191 3934 tanquam
1210 3883 1299 3920 veram
1365 3909 1366 3938 ,

218 3950 382 4018 (Scbmalzgr.
401 3949 444 4000 lib.
462 3949 487 4002 d.
507 3951 543 4000 tit.
562 3950 586 4001 3.
605 3967 631 4002 n.
651 3951 726 4018 117„
750 3948 800 4003 dixi
816 3965 864 4016 per
880 3967 918 4014 rc,
938 3951 997 4018 quia
1014 3951 1099 4004 tuditan
1116 3955 1299 4006 contrahentes
1365 3941 1366 3978 ³
