2746 4646
307 259 344 314 lie
361 257 546 330 impedimentis
564 259 750 314 matrimonium
769 259 948 315 dirimentibus.
1152 243 1194 312 97

60 417 247 484 certitudine.
271 415 395 498 insuper
417 417 453 482 eb
476 416 656 482 adversariis
679 417 871 496 conceditur,
888 425 999 482 metum
1019 419 1117 482 levem
1133 437 1194 483 nou

60 523 201 586 dirimere
222 525 459 598 matrimonium
482 525 548 601 quis
569 525 670 584 autem
693 539 733 584 ex
755 521 914 606 meralege
932 523 1059 586 naturali
1088 522 1197 586 audeat
1270 555 1275 562 -

60 633 194 689 statuere
216 631 319 687 certos
341 626 450 688 limites
482 628 562 686 inter
584 623 682 686 levem
711 630 742 686 et
771 640 895 708 gravem
940 625 1077 690 metum?
1114 625 1198 700 Quu-

60 736 192 812 propier,
216 727 360 810 quidquid
383 733 430 792 est
452 726 489 790 de
510 727 561 790 illa
584 731 800 806 controversia,
824 727 861 790 ad
872 729 1113 792 constituendum
1136 733 1198 791 im-

61 833 265 914 pedimentum
288 836 404 907 metus,
433 835 464 892 ui
496 829 546 892 lex
576 837 657 892 ceria
685 834 739 908 sit,
770 835 933 910 requiritur
962 835 1040 913 juris
1077 836 1197 916 positivi

62 935 237 1017 dispositio,
271 951 329 1015 qua
358 936 455 997 omnis
487 931 668 1015 ambiguitas
698 931 810 996 tollitur
837 939 888 996 aut
917 933 1022 1018 saltem
1045 935 1082 997 ad
1105 938 1199 998 mini-

63 1059 145 1102 mum
169 1037 331 1102 reducitur.
376 1035 410 1098 ln
432 1035 510 1098 lruuc
538 1034 627 1098 duem
657 1033 813 1113 „Ecclesia
844 1041 1006 1117 praesumit
1028 1055 1118 1118 eum,
1148 1041 1200 1120 qui

62 1161 101 1204 ex
124 1147 206 1212 metu
236 1139 319 1216 dixit,
349 1155 383 1202 se
411 1141 601 1217 consentire,
636 1155 742 1202 revera
773 1143 973 1220 consensisse,
1005 1140 1058 1204 sed
1085 1141 1200 1222 judicat

62 1261 245 1307 consensum
267 1241 350 1304 illurn
373 1247 523 1304 extortum
556 1259 616 1304 non
648 1258 716 1303 esse
749 1241 947 1304 sullicientem
969 1242 1006 1306 ad
1030 1242 1200 1307 iaciendum

65 1342 401 1424 matrimonium“,h.e.
423 1347 530 1408 irritet
558 1361 743 1406 consensum
774 1364 814 1406 eor
843 1353 923 1408 metra
946 1365 967 1408 o
996 1347 1061 1426 tene
1085 1349 1201 1426 positis

62 1448 268 1532 qualitatibus
289 1449 400 1542 oesiiio
418 1446 672 1528 procedentem)
708 1445 803 1528 Unde,
827 1465 895 1510 cum
918 1453 1120 1528 praesumptio
1143 1454 1203 1511 siet

63 1571 117 1634 pro
141 1569 304 1630 consensu,
328 1555 507 1631 perspicaria
538 1554 569 1612 in
599 1547 656 1612 hoc
685 1568 757 1614 casu
780 1569 855 1632 opus
878 1557 924 1616 est
945 1555 977 1614 in
1000 1551 1202 1632 rependendo

63 1657 129 1737 ieqe
148 1657 296 1735 position,
328 1660 360 1717 ut
383 1659 535 1736 appareat,
559 1655 635 1736 quid
662 1653 799 1734 disponat
821 1660 852 1716 et
880 1661 1033 1736 quotenos
1070 1654 1203 1720 inderem

66 1765 154 1821 actus
177 1753 303 1834 tollai.²)

153 1859 203 1924 iii.
228 1857 311 1922 luter
333 1877 437 1923 omncs
460 1861 611 1938 convenit,
638 1856 803 1936 dimotum
826 1859 938 1938 levem,
968 1877 1003 1924 ea
1026 1878 1203 1944 quacunque

65 1980 156 2028 eausa
180 1967 343 2041 incussum,
374 1980 433 2025 non
456 1965 573 2024 irritare
596 1965 835 2042 matrimonium
860 1962 894 2041 2)
917 1961 995 2026 idem
1019 1964 1205 2028 essedicen-

66 2066 138 2129 dum
162 2064 199 2127 de
245 2071 325 2128 metu
349 2083 387 2130 ex
408 2069 550 2128 intriscca
574 2066 621 2128 vel
644 2065 771 2138 naturali
795 2071 842 2146 (ut
871 2067 922 2130 alii
955 2065 1069 2146 dicunt,
1094 2083 1205 2130 neces-

66 2174 160 2248 saria)
185 2185 291 2248 causa,
323 2185 382 2230 non
414 2187 431 2229 a
455 2167 547 2230 libera
576 2173 606 2230 et
628 2172 800 2232 extrinseca
831 2167 1032 2250 procedente,
1065 2174 1202 2252 quamvis

68 2277 153 2356 gravi
162 2291 172 2348 ;
206 2268 243 2348 3)
275 2270 355 2333 idem
383 2269 421 2332 de
449 2287 597 2334 consensu
628 2277 709 2336 metu
739 2276 824 2355 gravi
864 2277 1003 2352 extorto,
1045 2273 1100 2338 sed
1127 2274 1207 2356 justa

66 2375 103 2436 de
127 2392 217 2438 causa
240 2377 375 2454 praecise
398 2371 434 2437 ad
458 2376 677 2438 matrimonium
707 2373 956 2458 contrahendum3
983 2379 1016 2438 in
1046 2373 1208 2438 tribush1s

68 2478 198 2558 casibus,
223 2494 389 2540 consensus
412 2481 514 2574 etiquo
538 2475 627 2540 modo
650 2476 736 2540 datus
759 2482 959 2558 praesumitur
990 2477 1089 2540 debite
1120 2479 1207 2542 datus

69 2581 181 2657 luisse3
204 2599 239 2644 ac
260 2579 387 2662 proinde
409 2579 513 2642 saltem
548 2583 580 2642 in
608 2580 673 2645 loro
702 2586 828 2646 externo
860 2584 1079 2645 matrimonium
1110 2581 1209 2644 taliter

68 2689 176 2748 initum
200 2683 331 2746 validum
354 2689 411 2763 esi,
436 2699 492 2746 nee
514 2688 613 2764 potest
635 2683 767 2750 dissolvi.
792 2721 831 2730 -
862 2684 938 2748 ilinc
966 2680 1002 2762 i)
1036 2681 1207 2764 dicendum,

70 2785 150 2867 quod
174 2786 261 2850 solos
283 2785 333 2848 ille
356 2791 454 2848 metus
486 2785 629 2849 invalidet
657 2791 900 2868 matrimonium,
940 2789 991 2869 qui
1026 2790 1128 2870 gravis
1159 2793 1208 2850 est

72 2896 103 2952 et
124 2908 142 2953 a
165 2907 255 2952 causa
278 2888 369 2952 disere
392 2889 429 2952 ab
451 2893 624 2952 extrinseco
655 2889 693 2952 ad
723 2907 903 2954 eonsensum
933 2895 965 2952 in
988 2891 1210 2954 matrimonium

75 2993 189 3054 directe
211 2991 260 3054 vel
283 2991 430 3056 indirecte
453 2992 693 3074 extorquendum
723 2997 832 3076 injuste
855 2997 1002 3058 incussus.
1047 2991 1101 3056 Est
1124 3009 1211 3055 com·

76 3100 183 3174 munis,
209 3101 239 3156 et
261 3100 342 3158 certa
365 3101 499 3159 oninium
523 3093 586 3157 iere
600 3093 823 3180 'lheologorum
843 3103 872 3160 ei
885 3095 1113 3160 Canonistarum
1135 3113 1211 3164 aen-

105 3337 126 3402 ι)
145 3335 169 3388 S.
188 3333 274 3386 Tironi.
288 3333 369 3402 suppl.
384 3341 479 3406 quaesi.
498 3335 539 3386 ir.
558 3349 581 3385 a.
602 3335 626 3386 3.
645 3351 666 3386 c.
687 3333 802 3388 Ecclesia
830 3351 881 3387 non
906 3333 981 3388 debet
999 3349 1162 3402 praesumere
1180 3333 1212 3386 de

143 3421 229 3491 aliquo
248 3427 377 3488 peccatum
402 3435 535 3490 quousque
553 3421 687 3488 proiectum
713 3423 825 3488 peccavit
843 3428 938 3486 autem,
966 3423 987 3472 si
1017 3420 1077 3472 dixit
1104 3437 1131 3474 se
1149 3434 1214 3471 con·

144 3509 247 3572 sentire,
260 3507 491 3557 etnonconsensii:
511 3504 582 3558 Unde
601 3505 717 3558 Ecclesia
735 3509 873 3576 praesumit
891 3523 949 3559 eum
968 3507 1136 3572 consensisse,
1163 3504 1208 3558 sed

143 3592 241 3659 judicat
262 3607 414 3644 consensum
432 3592 501 3643 illum
520 3599 568 3642 etc.

103 3679 124 3746 ²)
141 3675 205 3730 Fieri
226 3684 315 3746 potest,
335 3685 362 3729 ut
379 3679 453 3728 eiiam
472 3676 519 3730 sub
538 3685 606 3729 metu
624 3677 674 3730 leri
694 3693 773 3746 agens
799 3692 890 3729 revera
907 3691 959 3728 non
984 3677 1140 3740 consentiat,
1167 3674 1212 3728 sed

148 3773 216 3829 tnnc,
233 3765 254 3815 si
272 3779 324 3815 non
343 3765 510 3825 consenserit,
529 3779 681 3816 consensum
700 3761 819 3832 supplere
838 3761 920 3826 debet,
939 3761 1028 3814 saltem
1048 3763 1073 3813 in
1092 3761 1147 3813 lore
1166 3776 1212 3812 ex·

148 3859 236 3914 ierno;
267 3851 288 3900 si
312 3857 396 3901 autem
420 3849 518 3900 realiter
543 3851 714 3914 consenserit,
747 3849 861 3918 quamvis
887 3849 959 3917 gravi
982 3853 1051 3899 metu
1069 3863 1156 3916 agens,
1175 3845 1216 3897 hic

149 3951 286 3988 consensus
305 3937 330 3987 iu
348 3944 455 4006 utroque
473 3935 527 3986 loro
545 3937 663 4000 irritatur,
682 3951 712 3987 ac
730 3933 844 4004 proinde,
863 3935 883 3984 si
902 3935 927 3985 iu
945 3935 1104 3984 matrimonio
1122 3931 1217 3986 voluu-

150 4023 210 4074 tarie
229 4036 377 4089 permanere
394 4021 458 4088 vult,
481 4019 513 4072 de
531 4035 598 4075 novo
615 4035 766 4074 consensum
791 4029 918 4091 praestare
936 4018 1011 4072 debet
1029 4019 1113 4090 aliquo
1131 4018 1217 4072 modo.

160 4114 192 4158 De
204 4115 357 4158 matrimonio·
538 4109 540 4114 ’
1014 4107 1032 4174 7
