2736 4660
491 219 570 276 Casus
588 222 793 278 naumurum.

523 464 669 529 Casus
699 465 761 531 XL.

568 597 717 660 Crimen.

159 740 293 804 Jonnues
316 741 453 804 l'eixeira
476 740 608 806 Scbrado
632 761 648 803 a
671 758 726 802 sex
749 743 868 802 circiter
891 743 973 802 ermis
996 743 1212 824 negotiationis

72 861 164 906 causa
186 861 376 906 commorans
399 847 429 905 in
452 849 572 908 civitate
595 843 745 908 Ulisebon.
769 843 965 922 occidentali,
996 842 1049 906 sed
1073 849 1158 906 natus
1180 849 1212 907 iu

72 949 195 1008 civitate
217 945 425 1026 Bracbareusi,
449 951 593 1030 stupravit
616 945 748 1010 lllariam.
772 993 779 1008 .
806 992 813 1006 .
836 995 842 1010 .
868 945 1125 1026 colimbriensem,
1151 965 1212 1010 non

71 1049 210 1112 obstante
242 1049 322 1130 quod
352 1056 433 1114 esset
462 1053 651 1114 matrimonio
683 1049 861 1132 conjunctus
890 1068 956 1110 cum
986 1050 1043 1126 alja
1074 1050 1211 1132 muliere,

72 1171 151 1234 quae
175 1153 268 1216 larem
292 1159 321 1214 et
344 1152 526 1217 domicilium
545 1152 671 1214 babebat
688 1156 720 1214 in
738 1151 875 1215 [tioecesi
888 1151 1099 1228 bracharensi3
1123 1171 1212 1216 cum-

74 1275 146 1336 que,
171 1263 239 1337 post
262 1255 488 1320 deflorationem
511 1261 541 1318 et
560 1255 698 1336 copulam
721 1259 841 1336 saepius
858 1255 984 1318 habitam
1007 1274 1075 1319 cum
1093 1275 1212 1320 memo-

70 1365 134 1422 rate
148 1359 251 1434 Maria,
274 1359 474 1424 intellexisset
488 1358 666 1422 adulterium
689 1377 706 1421 a
725 1377 778 1420 sua
797 1376 891 1421 uxore
906 1362 1098 1423 commissum
1117 1360 1211 1422 luisse

71 1480 140 1523 cum
163 1462 223 1524 elio
246 1467 330 1540 viro,
359 1466 509 1526 civitatem
533 1466 619 1542 petiit
642 1460 892 1540 Bracbarensem‚
920 1467 951 1524 et
973 1467 1100 1525 veritate
1123 1481 1212 1526 com-

72 1569 167 1643 pertu,
192 1582 320 1628 uxorem
343 1564 466 1644 occidit,
492 1569 522 1626 et
545 1563 887 1642 uxoricidiieccusatus‚
910 1583 977 1626 oum
1000 1569 1031 1626 in
1054 1565 1211 1629 defensio-

71 1668 161 1730 nibus
184 1669 382 1747 ostendisset,
407 1685 533 1730 uxorem
556 1669 650 1731 luisse
674 1667 857 1748 adulteram,
887 1667 972 1748 juxta
994 1672 1102 1750 patrias
1125 1669 1211 1756 leges

70 1774 235 1851 impunitus
258 1776 363 1836 evasit.
1026 1853 1029 1860 .

158 1874 229 1938 Post
259 1891 388 1952 eanum,
422 1879 452 1934 ct
481 1873 557 1936 ultra
587 1874 721 1956 elapsum
745 1895 761 1936 a
791 1875 840 1938 die
870 1876 1001 1956 prolatae
1030 1879 1207 1956 sententiae,

68 1978 207 2041 loannes
230 1978 319 2040 rediit
342 1981 372 2040 in
392 1980 542 2038 civitatem
556 1975 812 2059 Ulisebunensem‚
840 1997 968 2062 cumque
990 1979 1082 2042 vellet
1103 1983 1210 2043 matri-

70 2084 205 2142 monium
229 2079 405 2142 contrahere
428 2099 495 2141 cum
518 2079 686 2159 supradicta
706 2079 809 2162 Maria,
834 2085 914 2142 etei
937 2086 1106 2164 oppositum
1129 2089 1210 2146 esset

70 2186 206 2244 criminis
228 2182 492 2264 impedimentum,
518 2189 575 2246 tem
598 2182 634 2246 ab
657 2186 735 2262 ipso,
765 2201 852 2262 quam
876 2203 892 2247 a
915 2183 1007 2247 illaria
1033 2188 1212 2264 praestitum

69 2285 126 2348 luit
145 2288 368 2370 jurameutum,
392 2290 424 2348 iu
447 2302 506 2366 quo
529 2285 735 2370 declnraruut,
766 2286 903 2366 copulam
926 2285 962 2348 ab
984 2290 1057 2368 ipsis
1080 2285 1208 2350 habitam

70 2395 209 2470 tempore
233 2394 340 2470 prioris
363 2392 542 2452 matrimonii
566 2405 627 2452 non
650 2387 744 2452 luisse
766 2388 895 2454 habitam
919 2407 986 2452 cum
1009 2393 1208 2472 promissione

68 2491 268 2556 contrahendi
291 2493 509 2572 subsequenter
530 2495 611 2554 inter
633 2509 666 2554 se
681 2495 912 2570 matrimonium,
936 2491 986 2554 vol
1008 2510 1076 2554 cum
1093 2491 1209 2554 machl-

70 2601 195 2658 uatione
223 2601 327 2660 mortis
355 2597 610 2676 putuacensem,
643 2613 788 2677 cumque,
819 2595 876 2658 boc
906 2599 1030 2660 minime
1060 2595 1208 2672 obstante,

68 2705 178 2762 exorta
200 2704 239 2762 sit
262 2699 406 2762 dubitatio
431 2704 491 2761 tum
523 2703 602 2760 circa
632 2701 822 2760 existentiam
852 2702 987 2762 criminis
1015 2699 1207 2780 impedientis

67 2811 101 2864 et
124 2802 291 2866 dirimentis
314 2807 551 2882 matrimonium,
576 2807 637 2864 turn
660 2805 740 2863 circa
762 2799 1031 2887 dispensationem,
1061 2808 1209 2885 quatenus

69 2924 147 2986 opus
170 2912 251 2968 esset
272 2923 379 2982 necne,
402 2904 642 2984 concedendam,
672 2903 769 2968 delata
791 2909 837 2966 est
859 2904 894 2968 ad
908 2903 947 2970 Β.
973 2904 1004 2992 C.
1028 2907 1058 2972 Ο.
1083 2913 1208 2972 coutro-

68 3013 187 3086 versia,
215 3028 293 3091 quae
310 3012 397 3090 juxta
419 3028 532 3074 murem
555 3009 669 3072 litteras
692 3006 774 3070 dedit
795 3005 832 3069 ad
855 3007 1067 3090 Patriarcbam,
1098 3015 1149 3094 qui
1171 3014 1205 3074 lu

69 3112 301 3194 reponsionibus
324 3113 408 3193 dixit,
434 3117 534 3188 omnia
556 3115 692 3194 exposita
714 3114 745 3174 in
767 3110 846 3175 lacto
868 3113 1053 3196 subsistere,
1075 3114 1208 3199 subdens

68 3235 105 3280 se
128 3216 168 3280 ob
197 3234 221 3280 s.
245 3214 331 3282 Sedis
358 3219 560 3296 reverentiam
589 3215 739 3296 noluisse,
771 3219 814 3278 uti
838 3218 973 3280 nonnulli
1001 3217 1206 3300 consulebant,

69 3320 234 3396 declarare,
257 3319 337 3401 quod
360 3320 473 3384 nullum
495 3318 598 3382 aderat
613 3317 868 3400 impedimentum,
894 3319 1104 3401 concluditque
1126 3319 1207 3402 quod

69 3430 219 3505 qnatenus
241 3427 413 3486 necessaria
435 3427 474 3486 sit
496 3422 696 3502 dispensatio,
726 3423 882 3504 expediret
911 3428 942 3484 in
964 3423 1110 3504 Domine,
1139 3439 1206 3486 earn

69 3526 258 3604 concedere,
288 3544 356 3588 cunr
387 3529 466 3590 inter
495 3524 641 3606 loannem
670 3531 700 3588 et
727 3526 852 3590 lllariam
883 3545 942 3591 nou
971 3525 1088 3590 modica
1119 3525 1207 3590 detur

68 3629 191 3716 allectio
214 3635 244 3691 et
266 3629 431 3710 periculum
450 3633 509 3708 sit,
533 3646 571 3694 ne
594 3627 631 3692 ad
654 3632 797 3694 vomitum
819 3629 952 3696 redeant.
980 3680 987 3694 .
1011 3678 1019 3696 .
1043 3679 1050 3693 .

69 3819 277 3833 a*

98 3958 121 4025 1)
139 3955 260 4012 Thosnur.
276 3956 379 4010 resolui.
390 3955 424 4010 S.
439 3953 467 4010 0.
478 3953 506 4012 G.
525 3963 584 4012 lom.
603 3955 626 4011 1.
645 3972 670 4024 p.
688 3957 714 4020 3,
732 3957 758 4020 7,
776 3958 818 4012 tt.
855 3953 939 4010 eausa
956 3953 1076 4024 Britania,
