2742 4660
338 216 375 268 [le
394 216 580 286 impedimentis
598 217 791 286 impedientibus
809 222 834 272 in
853 223 947 290 specie.
1167 201 1211 274 59

75 375 225 436 Ecclesiae
248 371 307 451 hal,
328 377 515 454 monuisses
536 375 831 454 denurumtlouibus,
855 378 963 458 quibus
979 378 1058 440 nulla
1081 378 1131 440 lox
1153 378 1211 440 od·-

76 484 219 554 versatur,
244 482 274 537 et
296 477 441 558 parochus
463 482 551 540 ritum
574 484 605 542 in
628 481 727 542 rituali
751 485 965 561 praescriptum
990 487 1126 564 peragat,
1151 501 1210 542 cx·

75 587 158 660 cepta
171 580 260 644 hlissa
278 597 330 658 pro
353 585 471 660 sponsis
493 588 523 642 et
546 583 612 662 ejus
627 602 747 666 quoquc
765 588 1047 646 cornrnemoralione
1070 602 1126 646 nec
1150 601 1210 646 non

75 683 283 744 benedictione
311 683 439 746 solemni
465 684 542 747 inlra
565 685 685 748 Missam
716 691 820 766 posita.
834 686 858 762 ¹)
902 687 964 748 Nec
987 692 1086 750 umen
1113 687 1210 748 bene-

74 786 163 850 dictio
182 804 238 848 nec
252 786 342 850 hlissn
363 805 416 868 pro
431 791 550 868 sponsis
568 788 670 868 elapso
686 795 820 869 tempore
835 795 928 854 vetito
944 790 1076 871 suppleri
1098 789 1209 868 licem

588 980 615 1048 S.
638 971 688 1036 20.

339 1098 516 1165 ll.·letilrm
537 1119 584 1164 seu
607 1098 779 1164 interdictum
799 1100 943 1166 Ecclesiae.

422 1231 449 1301 lt
466 1232 622 1291 Velitum
638 1232 856 1306 particulare.

158 1343 179 1406 l.
205 1343 265 1408 Sub
288 1347 374 1407 titulo
389 1345 503 1423 „Vetiti
527 1363 581 1407 scu
597 1345 749 1407 interdicti
766 1345 943 1407 Ecclesiae“
966 1353 1071 1407 cunc-ta
1095 1348 1208 1428 reliqua

68 1446 282 1527 impedimenta
297 1448 488 1528 impedientia
508 1448 720 1529 cornprehendi
735 1449 841 1526 solent,
867 1467 943 1530 quac
963 1453 994 1510 in
1011 1467 1101 1530 supra
1120 1451 1208 1513 dictis

70 1553 201 1614 nondum
224 1559 295 1616 sunt
315 1557 468 1627 contenla;
493 1551 530 1614 de
549 1557 680 1614 rnalerlls
699 1569 772 1614 vero
795 1551 922 1614 diversis
945 1551 1085 1615 hocloco
1109 1571 1208 1636 agen-

68 1655 137 1716 dum
162 1661 217 1719 est.
259 1655 357 1718 Primo
380 1655 572 1738 distinguitur
594 1659 673 1718 inter
694 1653 824 1717 Velitum
844 1657 1039 1736 particulare
1061 1661 1092 1716 et
1113 1675 1208 1736 peue-

67 1761 155 1833 rale;
187 1759 297 1821 deinde
320 1758 463 1842 generale
490 1757 689 1820 subdividitur
710 1763 741 1820 in
764 1764 893 1839 quatuor
914 1757 1054 1838 specialia
1078 1765 1178 1821 vetita.

155 1861 228 1924 Corn
259 1867 339 1924 enim
369 1879 476 1924 rannus
506 1865 545 1924 sit
573 1866 738 1943 superioris
766 1861 977 1940 ecclesiastici,
1011 1867 1093 1924 omni
1116 1861 1206 1925 modo

66 1963 225 2045 impedire,
250 1981 288 2026 ne
303 1969 521 2027 sacramentnm
538 1964 713 2044 profanetur
729 1981 805 2026 neve
821 1982 860 2024 cx
877 1968 1065 2027 matrimonio
1084 1969 1207 2028 contra-

65 2067 166 2129 hendo
194 2067 369 2130 oboriantur
396 2066 555 2146 seandala,
586 2073 669 2130 rixae
693 2073 749 2131 ete.
778 2073 879 2130 variae
908 2085 1016 2130 causae
1046 2066 1207 2149 aliquando

66 2173 254 2232 intervenire
271 2175 406 2251 possunt,
430 2188 469 2230 ex
483 2169 590 2251 quihus
608 2174 746 2251 superior
760 2171 982 2233 ecclesiasticus
996 2177 1094 2252 potest
1107 2176 1207 2233 inler-

66 2274 171 2336 dicere
196 2277 416 2336 matrimonium
439 2277 518 2335 inlcr
540 2277 638 2336 certas
661 2291 819 2353 personas,
845 2275 953 2336 saltem
975 2273 1012 2335 nd
1035 2280 1162 2354 tempus.

154 2375 189 2440 li.
224 2375 371 2439 Convenit
401 2382 481 2439 inter
512 2393 633 2455 ornnes,
665 2375 742 2437 hanc
774 2382 951 2456 potestatem
984 2381 1206 2440 matrimonium

64 2479 265 2542 interdicendi
289 2500 328 2542 cx
345 2482 425 2562 justa
448 2499 537 2543 causa
560 2487 732 2561 competere
747 2479 842 2559 Papae
865 2497 919 2559 pro
942 2481 1082 2541 universa
1097 2479 1207 2542 Eccle-

65 2587 119 2661 sia,
146 2589 177 2643 et
200 2583 347 2664 Episcopo
369 2602 423 2664 pro
446 2601 499 2646 sua
523 2583 671 2663 dioecesi,
695 2601 750 2645 nee
773 2601 833 2644 non
857 2581 922 2644 aliis
945 2579 1147 2662 praesulibus,
1179 2585 1205 2645 si

63 2689 93 2747 ln
118 2691 194 2747 certi
218 2691 344 2749 teritorii
368 2686 480 2749 elerum
503 2692 534 2747 et
557 2687 698 2767 populum
717 2683 957 2767 jurisdictionem
976 2689 1060 2763 quasi
1083 2688 1205 2765 episco-

65 2789 165 2868 palem
189 2789 359 2867 obtineant,
388 2807 405 2850 a
428 2789 562 2870 pluribus
584 2794 685 2852 aulem
709 2789 831 2851 dubium
855 2793 1006 2866 movetur,
1037 2803 1108 2849 num
1131 2786 1206 2850 haec

64 2891 194 2954 incultas
216 2895 306 2954 etiarn
329 2896 367 2955 sit
390 2891 519 2974 parocho
547 2895 668 2974 proprio
691 2907 886 2972 sponsoram3
915 2891 951 2952 ad
974 2890 1054 2971 quod
1076 2907 1207 2972 respon-

63 2993 198 3056 dendum
215 3013 284 3058 esse
301 3013 470 3076 censemus
489 2999 609 3058 earnino
626 2999 717 3058 etiam
735 2993 878 3074 parochos
893 2997 1115 3056 matrimonium
1130 3013 1207 3057 eon-

63 3097 242 3160 trahendum
261 3116 350 3179 posse
368 3099 561 3173 interdicere,
582 3102 674 3161 lmrne
695 3097 815 3178 dedere,
840 3103 865 3160 si
886 3099 986 3162 adsint
1001 3097 1071 3160 illae
1087 3115 1206 3178 causae,

53 3213 143 3280 'quae
166 3209 236 3264 sunt
257 3201 376 3283 injure
399 3219 575 3282 expressae,
599 3205 740 3264 nimirum

91 3303 127 3381 l)
152 3309 179 3367 si
202 3322 262 3366 non
283 3324 361 3368 vana
384 3309 515 3386 suspicio
538 3306 658 3368 latentis
680 3305 885 3386 impedimenti
908 3305 1060 3385 obveniat,
1083 3306 1132 3367 vel
1148 3305 1208 3368 all-

151 3426 210 3488 qua
233 3425 361 3487 persona
383 3406 470 3470 aliam
494 3425 616 3473 eausam
640 3427 763 3493 gravem
789 3409 871 3490 juste
893 3415 1025 3488 opponat
1049 3413 1208 3472 matrimo-

150 3515 202 3573 nio
225 3507 473 3587 contrahendo.³)

87 3740 110 3807 ¹)
129 3739 206 3792 Instr.
224 3739 322 3792 Eccles.
341 3741 357 3792 l.
376 3756 398 3791 e.

87 3828 111 3894 ²)
129 3826 156 3880 S.
175 3827 205 3878 li.
224 3824 251 3878 G.
271 3826 314 3878 dl.
331 3825 397 3894 hug.
417 3825 482 3880 lasa
503 3833 529 3878 et
547 3828 570 3878 7.
592 3825 661 3892 Sept
682 3825 757 3879 1850.

90 3913 113 3979 ³)
134 3909 197 3980 Cap.
216 3909 280 3964 Cum
298 3911 421 3965 inhibitio.
445 3914 470 3966 3.
488 3911 518 3964 Χ.
542 3911 656 3968 deelnnd.
675 3911 745 3979 desp.
763 3940 797 3951 -
814 3909 967 3978 Sohmalzgr.
986 3908 1029 3964 lib.
1047 3907 1089 3961 lV.
1113 3909 1148 3961 tit.
1173 3909 1208 3962 de

131 4005 205 4052 matr.
223 4004 311 4066 ooutsa
329 3997 455 4054 interdict.
473 4015 500 4051 n.
517 3999 543 4052 5..
621 4031 625 4040 «
