2746 4646
191 163 253 232 ito
434 181 473 235 o·
491 181 674 250 rapiamini·
690 182 875 234 airammum
892 179 1075 234 arsaniae.

189 345 262 402 dum
284 335 515 414 abhorreatur.¹)
560 338 645 412 uaod
667 353 741 401 raro
764 343 879 419 spectat
900 337 937 400 ad
960 339 1035 402 allos
1066 337 1188 422 gradus,
1227 343 1333 400 utrum

189 443 329 506 videlicet
356 442 425 524 jure
455 447 578 506 naturae
606 444 851 524 consanguinitas
888 439 1011 504 dimanat
1042 445 1271 504 matrimonium
1304 446 1336 502 in

189 545 337 624 omnibus,
353 549 592 614 ,incertissimum
622 551 678 624 est,
711 551 774 606 tum
803 549 924 626 propter
953 548 1127 625 opinionum
1157 543 1332 607 diversita-

152 675 159 696 ι
188 654 259 726 tarn,
284 655 346 710 tum
373 649 412 710 ob
439 651 588 724 rationes,
616 647 723 728 quibus
746 648 884 731 singulae
907 651 1057 722 nituntur,
1088 666 1146 710 non
1171 654 1220 709 sat
1243 648 1324 710 soii-

188 751 255 813 dam
278 750 458 814 firmitatem.
503 751 532 814 S.
556 751 684 814 Thomas
706 749 737 812 id
760 751 830 812 nulii
854 751 960 834 gradui
985 751 1086 814 tribuit
1112 757 1327 834 praeterquam

191 859 287 936 primo
309 855 407 917 linoae
428 850 578 929 rectae.²)
623 854 827 916 Gornmunlter
860 859 958 917 tamen
988 853 1161 916 admittetur
1189 859 1283 916 etiam
1316 875 1334 916 a

192 957 357 1022 fautoribus
388 956 477 1039 hujus
509 960 695 1031 sententiae,
734 961 920 1019 matrimonia
949 961 1028 1019 iuter
1058 957 1262 1020 ascendeutes
1302 964 1335 1020 et
1368 999 1369 1028 ;

181 1058 421 1140 descendentes,
445 1059 515 1122 licet
538 1077 598 1123 nou
620 1063 680 1122 sint
701 1062 784 1121 irrita
808 1069 847 1121 ex
869 1061 938 1144 lege
948 1060 1085 1134 naturali,
1109 1064 1246 1142 graviter
1269 1060 1334 1121 ad-

189 1166 303 1225 versari
322 1164 383 1244 juri
415 1169 539 1226 naturae
561 1160 741 1243 prohibenti,
765 1167 941 1244 praesertim
963 1168 994 1225 in
1016 1163 1160 1240 secundo,
1192 1169 1224 1224 et
1249 1182 1328 1244 pro-

189 1270 279 1328 ximis
301 1265 452 1350 gradibus,
475 1265 606 1348 ideoque
623 1266 685 1347 jam
715 1285 754 1328 ex
782 1266 851 1350 lege
884 1265 1010 1328 naturali
1041 1269 1173 1349 graviter
1207 1267 1330 1344 illicita,

189 1373 246 1432 nisi
264 1369 435 1432 indecentia
457 1369 516 1431 illis
539 1368 714 1431 naturaiiter
735 1373 822 1432 insita
845 1387 883 1430 ex
905 1368 1003 1450 aliqua
1016 1370 1097 1450 justa
1120 1383 1210 1432 causa
1229 1369 1335 1432 cobo-

96 1515 101 1520 -
190 1478 334 1537 uastatur.
359 1473 435 1534 Hinc
454 1476 544 1535 etiam
561 1470 693 1534 Gentiles
716 1472 793 1534 bene
815 1473 941 1534 instituti
965 1477 1096 1534 execrati
1111 1472 1233 1534 luerunt
1256 1473 1333 1535 talia

190 1577 340 1660 conjugia,
364 1570 454 1657 atque
474 1591 687 1656 nonnunquam
719 1579 803 1638 irrita
833 1575 1000 1638 babuerunt
1032 1593 1071 1637 ex
1101 1575 1224 1656 speciali
1257 1577 1336 1660 lege

190 1680 323 1761 politica3
347 1678 410 1758 sed,
434 1683 459 1741 si
482 1677 599 1740 seclusa
629 1678 680 1740 tali
709 1678 778 1762 lege
809 1677 947 1759 speciali,
977 1677 1054 1760 apud
1081 1679 1218 1742 infideles
1252 1698 1335 1742 avus

191 1801 258 1846 eum
281 1787 371 1864 nepte
393 1799 447 1844 sua
470 1782 705 1864 conjungeretur
728 1785 927 1859 matrimonio,
952 1782 1126 1865 conjugium
1155 1782 1213 1846 tale
1236 1789 1335 1844 tene-

191 1892 247 1964 ret,
271 1891 302 1946 ct
324 1889 349 1948 si
371 1884 408 1947 ad
431 1883 519 1946 bdem
541 1889 798 1960 converterentur,
823 1889 953 1965 separari
977 1885 1161 1947 abinvicem
1185 1903 1247 1947 nou
1272 1885 1335 1946 de-

190 1989 306 2066 berent,
329 1994 361 2050 ut
383 1985 530 2051 affirmant
552 1987 715 2065 Veracrux,
749 1986 845 2050 Barth.
878 1985 1080 2064 abedesma‚
1116 1985 1208 2070 Vaga,
1246 1986 1332 2054 Sau-

191 2090 275 2169 cheu‚
300 2090 401 2169 Perea,
427 2089 590 2168 Wiestncr‚
613 2087 914 2174 Schmalzgruber,³)
943 2095 1120 2170 praesertim
1153 2109 1222 2152 cum
1248 2090 1336 2152 nulla

191 2195 242 2256 lex
264 2193 363 2256 diviua
386 2198 513 2274 positiva
535 2193 651 2256 ostendi
675 2197 778 2274 possit,
802 2211 859 2274 qua
884 2193 954 2255 talia
977 2195 1118 2278 conjugia
1150 2193 1332 2257 naturaiiter

191 2285 311 2378 quidem
334 2297 435 2358 illicita
458 2299 549 2359 etiam
573 2313 626 2375 pro
657 2295 819 2379 gentilibus
845 2295 976 2361 invalida
1007 2295 1215 2374 redderentur,
1252 2315 1338 2361 cuu-

189 2397 406 2462 tradicentibus
429 2405 529 2461 tamen
552 2415 613 2461 non
636 2393 779 2478 paucis.⁴)
822 2397 972 2480 Quidquid
993 2405 1104 2462 'autem
1134 2405 1180 2462 est
1202 2399 1242 2461 de
1261 2400 1340 2482 jure

190 2501 316 2567 naturali
339 2509 370 2564 et
392 2503 504 2578 divino,
534 2507 613 2564 inter
635 2501 817 2566 Christianos
839 2507 953 2564 certum
977 2509 1039 2578 est,
1062 2503 1220 2587 ‘ejusmodi
1252 2521 1340 2565 con-

186 2608 273 2690 jugia
305 2624 374 2668 esse
404 2603 534 2666 invalida
564 2623 603 2666 ex
630 2605 700 2686 jure
727 2603 948 2683 ecclesiastico,
971 2606 1063 2687 idque
1086 2606 1268 2687 probabilius
1305 2613 1339 2669 in

191 2721 370 2792 quocunque
392 2707 506 2794 gradu,
535 2713 625 2788 atque
649 2706 729 2770 tanto
753 2711 871 2792 rigore,
906 2715 939 2770 ut
965 2709 1151 2790 dispensatio
1183 2713 1215 2770 in
1251 2711 1338 2772 linea

196 2819 278 2876 recta
300 2831 451 2893 nunquam
474 2811 666 2875 concedatur.

277 2915 312 2991 2)
333 2913 435 2988 Quoad
458 2916 570 2979 tineam
592 2915 799 2978 collateralem
821 2911 980 2978 diilieuitas
1001 2923 1149 2992 movetur
1171 2917 1208 2978 de
1233 2922 1340 2996 primo

191 3017 296 3104 gradu,
321 3017 462 3080 videlicet
484 3021 562 3080 inter
585 3017 706 3081 fratrem
745 3023 775 3078 et
805 3035 948 3082 sororem.
995 3021 1065 3082 l'ale
1105 3023 1335 3083 matrimonium

193 3140 262 3185 esse
283 3123 401 3183 irritum
422 3140 462 3182 ex
493 3121 562 3204 lege
592 3121 732 3196 naturali,
767 3120 968 3202 probatissimi
997 3129 1135 3187 auctores
1166 3121 1336 3201 oblustrant,

196 3224 365 3302 bellarmin,
392 3222 539 3306 vasquez,
563 3223 707 3302 Sanchez,
731 3223 882 3297 Valentio,
907 3225 1223 3308 Laymanu,Clericat,
1244 3225 1337 3288 Reii-

191 3326 331 3404 ienstuel‚
354 3333 467 3410 negant
489 3334 588 3390 tamma
616 3325 736 3408 plurimi
765 3346 825 3390 non
848 3331 947 3392 minus
970 3331 1100 3410 probati,
1125 3331 1155 3395 S.
1179 3327 1341 3410 Thomfi),

219 3529 243 3598 ¹)
260 3529 285 3583 S.
303 3529 390 3582 Thom.
410 3529 425 3581 4
443 3529 499 3581 diat
518 3531 551 3582 40
570 3539 666 3600 quaeat.
686 3531 701 3582 i.
722 3545 745 3582 a.
764 3531 788 3582 3.

221 3619 244 3682 ¹)
262 3617 310 3670 loc.
328 3621 371 3670 cit.

219 3701 242 3771 ³)
260 3702 400 3772 Scbmalup.
419 3701 463 3755 lib.
481 3703 523 3755 lll.
542 3703 579 3754 tir.
600 3701 639 3755 it.
658 3719 683 3755 u.
702 3703 743 3756 32.

221 3789 245 3854 ⁴)
264 3789 392 3856 baymaou
405 3788 436 3840 de
453 3797 523 3842 matr.
543 3797 559 3840 t.
575 3788 614 3842 id.
633 3805 658 3857 p.
670 3789 695 3840 4.
716 3804 737 3840 c.
757 3791 780 3842 6.
815 3787 921 3840 berrren.
940 3787 983 3840 lib.
995 3787 1037 3840 ll'.
1050 3791 1085 3840 tit.
1106 3789 1146 3840 14.
1165 3797 1266 3858 quaeest.
1280 3791 1343 3842 2²5.

216 3873 239 3941 ⁸)
258 3874 360 3926 Sumrua
376 3873 422 3926 Tb.
442 3876 466 3934 2.
486 3877 510 3928 2.
530 3881 627 3945 quaest.
649 3874 705 3928 ist.
726 3890 748 3926 a.
767 3875 791 3928 9.
811 3873 843 3926 ad
855 3877 879 3928 3.
904 3873 1041 3938 „Variatur
1059 3877 1127 3926 cirea
1146 3873 1195 3926 hoc
1214 3877 1262 3940 (ac.
1278 3891 1342 3928 eon·

257 3961 356 4031 jagium
375 3963 441 4014 iuter
458 3961 560 4014 tratrem
579 3965 738 4026 attererem)
756 3959 940 4032 decentia‚2rel
957 3961 1101 4017 indecentia
1118 3961 1262 4016 secundum
1276 3978 1340 4016 cou-
