2742 4660
520 486 676 570 Sootio
702 487 758 570 IL

251 635 308 706 De
334 637 575 729 impedimentis
602 637 805 706 matrimonii
830 638 1022 726 inponere.

619 853 625 864 .
649 799 678 866 9.

361 921 412 980 De
431 919 561 994 origine
579 810 919 992 iriapodimentorum.

157 1043 179 1102 Ι.
209 1043 282 1104 Cum
315 1045 493 1104 matrimonii
523 1044 655 1103 essentia
684 1039 826 1102 naturalis
856 1043 912 1102 dia
940 1045 980 1102 sit
1007 1045 1040 1104 in
1070 1049 1208 1122 pactione

67 1149 149 1206 inter
170 1146 397 1221 contrahentes,
427 1161 523 1224 eaque
545 1146 645 1205 omnia
669 1145 834 1217 oontinmt,
856 1161 934 1224 quae
956 1150 1050 1223 puetis
1072 1163 1206 1228 geneva*

68 1252 120 1307 tim
152 1255 183 1308 et
204 1251 403 1310 communitor
425 1249 623 1318 conventuum
654 1262 781 1322 eumque
811 1251 928 1324 paetum
951 1247 1096 1326 quodvis,
1129 1250 1207 1329 quod

68 1351 199 1428 speciale
223 1369 331 1413 nomen
353 1355 492 1428 sortitur,
515 1352 696 1410 matruelis
719 1351 842 1410 nomine
865 1351 982 1421 veniai;
1006 1348 1092 1412 iaoile
1114 1353 1209 1412 intel-

67 1454 182 1534 ligitur,
206 1458 425 1516 matrimonium
451 1457 569 1532 pariter,
594 1470 629 1512 ao
645 1452 943 1526 uliumoontraetum,
967 1451 1098 1514 contrahi
1119 1471 1208 1532 posse

67 1558 161 1630 licite,
187 1557 234 1616 vet
249 1559 364 1622 illicite,
389 1559 630 1633 prouteonvenit
654 1554 783 1635 legibus,
809 1551 856 1614 vel
880 1571 950 1626 uon,
973 1561 1003 1614 et
1021 1557 1134 1632 aalide,
1161 1557 1208 1618 vel

68 1660 219 1735 meotide,
250 1665 337 1738 prout
359 1657 447 1718 linem
471 1657 527 1718 sihi
551 1661 746 1718 intrinsecum
769 1674 825 1718 seu
847 1653 986 1718 elloetum
1011 1659 1202 1738 principalem

67 1761 373 1850 ialeontrahentibus
403 1760 531 1828 obtinet,
567 1761 615 1822 vel
645 1758 753 1827 non.¹)
800 1758 1006 1820 Gomnmnitor
1036 1767 1135 1822 autem
1170 1761 1206 1822 ιιιΙ

66 1863 228 1924 lieeitatena
250 1868 281 1924 et
303 1863 485 1924 validitatem
515 1862 640 1942 alieujus
663 1864 835 1924 contractus
862 1865 991 1940 quatuor
1014 1867 1207 1942 requiruntur

66 1965 275 2042 conditiones,
304 1966 434 2028 seilicet,
468 1972 499 2026 ut
522 1969 559 2026 sit
593 1966 623 2034 i)
652 1963 691 2026 de
721 1969 844 2026 materia
872 1968 956 2042 apta,
990 1963 1025 2041 2)
1057 1981 1208 2030 excausa

66 2067 204 2140 honesta,
229 2066 263 2141 3)
287 2087 341 2148 per
363 2068 528 2148 subjeetum
553 2084 657 2145 capax,
680 2064 717 2140 4)
739 2065 878 2149 legitimo
899 2084 1060 2130 consensu.
1096 2068 1208 2132 Omnes

64 2175 159 2252 igitur
181 2169 327 2247 deiectus,
351 2175 400 2249 qui
423 2159 621 2237 adversentur
644 2169 725 2232 hisee
740 2169 970 2244 conditionibus.
994 2189 1205 2253 quemcunque

66 2277 270 2348 contractum,
303 2291 337 2334 au
362 2273 485 2352 proinde
508 2277 596 2334 etiam
622 2272 869 2334 matrimonialem
893 2273 1021 2334 reddunt
1043 2275 1091 2334 vel
1111 2274 1206 2336 illici-

67 2381 142 2452 tum,
166 2375 216 2436 vel
237 2369 415 2450 invalidum,
445 2395 480 2436 ae
503 2382 657 2444 vocantur,
681 2375 801 2455 quando
823 2379 922 2454 agitur
944 2376 983 2438 de
1006 2381 1203 2453 matrimonio,
1297 2363 1303 2384 ¹

66 2477 284 2557 impedimenta
317 2483 516 2552 matrimonii,
555 2497 682 2558 quorum
717 2478 772 2538 aliu
804 2483 873 2538 sunt
906 2480 1119 2558 impedientia,
1159 2481 1208 2542 vel

69 2580 268 2658 prohibentia,
290 2581 404 2642 scilieet
426 2600 471 2656 ea,
495 2599 570 2660 quae
586 2583 804 2642 matrimonium
829 2578 1063 2642 contrahendum
1085 2580 1207 2659 quidem

67 2683 239 2762 prohibent,
262 2690 445 2746 contractum
468 2690 567 2746 autem
591 2702 651 2744 non
673 2683 827 2759 dirimunt,
851 2681 908 2744 alia
924 2699 997 2746 vero
1018 2685 1206 2762 dirieamtia,

68 2803 147 2862 quae
181 2804 239 2848 non
263 2792 374 2848 tanturn
406 2791 625 2849 matrimonium
653 2789 720 2846 iniri
753 2783 924 2864 prohibent,
955 2785 1119 2850 sedetiam
1144 2787 1206 2867 jam

69 2892 257 2950 eorrtraotuna
280 2893 396 2952 irritant
419 2907 474 2950 seu
497 2889 647 2952 dirimunt.
723 2919 727 2930 ·

155 2989 192 3052 ll.
222 2989 293 3054 lllao
319 2997 418 3054 tamen
446 2999 574 3072 quatuor
601 2991 804 3068 conditiones,
836 2990 873 3052 de
900 2990 1007 3069 quibus
1036 2994 1206 3054 contractis

69 3091 194 3171 alicujus
217 3091 331 3154 lieeitas
353 3099 403 3155 aut
425 3094 562 3156 validitas
586 3095 705 3175 pendet,
731 3113 789 3158 non
812 3101 923 3158 mnium
947 3113 964 3156 a
989 3094 1058 3177 loge
1080 3094 1206 3156 naturali

70 3200 98 3252 et
119 3195 232 3271 divina,
256 3195 310 3257 sed
332 3201 421 3258 ettam
445 3217 460 3260 a
485 3199 553 3280 lege
575 3198 702 3260 humana
719 3203 899 3276 statuuntur,
923 3204 974 3260 aut
996 3197 1101 3260 saltem
1115 3213 1207 3277 prae-

70 3303 159 3360 cisius
193 3299 383 3362 definiuntur.
435 3299 533 3374 Quare
565 3305 642 3362 inter
678 3321 783 3364 ornnes
817 3307 949 3380 constat,
984 3301 1144 3369 lioeitatem
1177 3305 1206 3362 et

70 3401 251 3463 validitatem
275 3403 399 3484 alicujus
416 3410 586 3466 contractus
600 3403 761 3468 modificari
785 3409 874 3468 etiarn
898 3403 1072 3487 exlegibus
1094 3402 1204 3464 huma-

70 3507 113 3566 nis
143 3505 218 3582 looi,
256 3503 305 3566 ubi
336 3510 437 3568 initur.
483 3505 565 3568 idern
594 3508 673 3572 valet
709 3508 747 3570 da
782 3511 987 3583 matrimonio,
1024 3504 1079 3568 hae
1108 3511 1205 3565 tamen

70 3605 247 3686 differentia,
260 3605 288 3682 ²)
310 3614 340 3670 ui
364 3615 534 3670 contractus
549 3608 772 3671 matrimonialis
795 3614 875 3670 inter
889 3608 992 3670 fideles
1010 3611 1113 3681 initas,
1136 3627 1203 3668 cum

98 3778 118 3842 ¹)
135 3778 279 3847 Zallinger,
297 3778 342 3830 lue
360 3778 483 3830 naturale.
502 3781 526 3844 s.
547 3781 611 3841 tar,
632 3779 688 3830 titt.

98 3865 118 3929 ²)
136 3864 175 3915 Sic
193 3867 286 3916 etenim
297 3865 412 3916 Eooleeia
430 3880 531 3932 semper
547 3867 627 3916 tenuit
648 3872 673 3915 et
691 3863 773 3916 adhuc
791 3873 873 3930 tenet,
891 3881 948 3918 eum
967 3879 1056 3916 cauma
1075 3865 1205 3916 matrimo-

136 3951 214 4002 niales
232 3954 332 4002 nonnisi
352 3950 514 4016 adjudices,
538 3952 723 4002 ecclesianticos
746 3961 875 4019 spectare,
900 3967 947 4020 pro
965 3950 1081 4020 dogrrrate
1103 3949 1203 4011 habear,

109 4093 110 4098 ἵ
136 4035 233 4106 legibue
250 4051 265 4088 a
283 4045 407 4106 putatote
424 4036 490 4088 civili
508 4037 617 4104 desuper
627 4037 733 4090 conditis
749 4039 845 4092 nullam
863 4042 889 4090 in
907 4040 1070 4092 matrimoniis
1088 4041 1139 4092 vim
1158 4040 1201 4094 ia-
