<?xml version="1.0" encoding="UTF-8"?>
<!DOCTYPE html PUBLIC "-//W3C//DTD XHTML 1.0 Transitional//EN"
    "http://www.w3.org/TR/xhtml1/DTD/xhtml1-transitional.dtd">
<html xmlns="http://www.w3.org/1999/xhtml" xml:lang="en" lang="en">
 <head>
  <title>
</title>
<meta http-equiv="Content-Type" content="text/html;charset=utf-8" />
  <meta name='ocr-system' content='tesseract 3.04.00' />
  <meta name='ocr-capabilities' content='ocr_page ocr_carea ocr_par ocr_line ocrx_word'/>
</head>
<body>
  <div class='ocr_page' id='page_1' title='image "./dematrimoniotra00heisgoog_0077.png"; bbox 0 0 2742 4660; ppageno 0'>
   <div class='ocr_carea' id='block_1_1' title="bbox 167 243 1046 330">
    <p class='ocr_par' dir='ltr' id='par_1_1' title="bbox 167 243 1046 330">
     <span class='ocr_line' id='line_1_1' title="bbox 167 243 1046 330; baseline -0.001 -19"><span class='ocrx_word' id='word_1_1' title='bbox 167 243 210 312; x_wconf 79' lang='lat'>52</span> <span class='ocrx_word' id='word_1_2' title='bbox 441 261 479 315; x_wconf 76' lang='lat' dir='ltr'>uo</span> <span class='ocrx_word' id='word_1_3' title='bbox 495 261 679 330; x_wconf 76' lang='lat' dir='ltr'>impedimentis</span> <span class='ocrx_word' id='word_1_4' title='bbox 695 249 889 328; x_wconf 72' lang='lat' dir='ltr'>impedientibus</span> <span class='ocrx_word' id='word_1_5' title='bbox 907 257 934 310; x_wconf 90' lang='lat' dir='ltr'>in</span> <span class='ocrx_word' id='word_1_6' title='bbox 952 252 1046 327; x_wconf 85' lang='lat' dir='ltr'>speeie.</span> 
     </span>
    </p>
   </div>
   <div class='ocr_carea' id='block_1_2' title="bbox 92 415 1307 912">
    <p class='ocr_par' dir='ltr' id='par_1_2' title="bbox 92 415 1307 912">
     <span class='ocr_line' id='line_1_2' title="bbox 167 415 1307 504; baseline -0.012 -18"><span class='ocrx_word' id='word_1_7' title='bbox 167 423 370 504; x_wconf 89' lang='lat' dir='ltr'>copulavere</span> <span class='ocrx_word' id='word_1_8' title='bbox 397 421 448 483; x_wconf 89' lang='lat' dir='ltr'>illa</span> <span class='ocrx_word' id='word_1_9' title='bbox 471 439 539 482; x_wconf 89' lang='lat' dir='ltr'>cum</span> <span class='ocrx_word' id='word_1_10' title='bbox 561 420 649 482; x_wconf 85' lang='lat' dir='ltr'>Anna</span> <span class='ocrx_word' id='word_1_11' title='bbox 675 418 774 481; x_wconf 92' lang='lat' dir='ltr'>habita</span> <span class='ocrx_word' id='word_1_12' title='bbox 796 421 892 498; x_wconf 89' lang='lat' dir='ltr'>potuit</span> <span class='ocrx_word' id='word_1_13' title='bbox 914 434 982 478; x_wconf 90' lang='lat' dir='ltr'>esse</span> <span class='ocrx_word' id='word_1_14' title='bbox 1012 420 1134 499; x_wconf 81' lang='lat' dir='ltr'>signum</span> <span class='ocrx_word' id='word_1_15' title='bbox 1158 415 1307 477; x_wconf 88' lang='lat' dir='ltr'>contracti</span> 
     </span>
     <span class='ocr_line' id='line_1_3' title="bbox 167 517 1306 599; baseline -0.009 -12"><span class='ocrx_word' id='word_1_16' title='bbox 167 545 235 588; x_wconf 92' lang='lat' dir='ltr'>eum</span> <span class='ocrx_word' id='word_1_17' title='bbox 258 526 308 588; x_wconf 92' lang='lat' dir='ltr'>illa</span> <span class='ocrx_word' id='word_1_18' title='bbox 337 528 535 599; x_wconf 58' lang='lat' dir='ltr'>nutrimentu</span> <span class='ocrx_word' id='word_1_19' title='bbox 567 523 638 584; x_wconf 89' lang='lat' dir='ltr'>licet</span> <span class='ocrx_word' id='word_1_20' title='bbox 660 526 741 584; x_wconf 88' lang='lat' dir='ltr'>enim</span> <span class='ocrx_word' id='word_1_21' title='bbox 768 521 905 582; x_wconf 87' lang='lat' dir='ltr'>habuerit</span> <span class='ocrx_word' id='word_1_22' title='bbox 927 519 1113 581; x_wconf 87' lang='lat' dir='ltr'>voluntatem</span> <span class='ocrx_word' id='word_1_23' title='bbox 1144 517 1306 580; x_wconf 89' lang='lat' dir='ltr'>recedendi</span> 
     </span>
     <span class='ocr_line' id='line_1_4' title="bbox 92 619 1304 707; baseline -0.007 -18"><span class='ocrx_word' id='word_1_24' title='bbox 92 645 93 648; x_wconf 69' lang='grc'>’</span> <span class='ocrx_word' id='word_1_25' title='bbox 167 628 203 689; x_wconf 93' lang='lat' dir='ltr'>ab</span> <span class='ocrx_word' id='word_1_26' title='bbox 226 628 292 707; x_wconf 80' lang='lat' dir='ltr'>eJus</span> <span class='ocrx_word' id='word_1_27' title='bbox 313 627 503 706; x_wconf 81' lang='lat' dir='ltr'>sponsalibus</span> <span class='ocrx_word' id='word_1_28' title='bbox 533 625 735 688; x_wconf 87' lang='lat' dir='ltr'>contrahendo</span> <span class='ocrx_word' id='word_1_29' title='bbox 758 625 907 705; x_wconf 90' lang='lat' dir='ltr'>sponsalia</span> <span class='ocrx_word' id='word_1_30' title='bbox 930 641 998 684; x_wconf 87' lang='lat' dir='ltr'>eum</span> <span class='ocrx_word' id='word_1_31' title='bbox 1020 621 1131 700; x_wconf 83' lang='lat' dir='ltr'>Maria,</span> <span class='ocrx_word' id='word_1_32' title='bbox 1165 622 1203 683; x_wconf 88' lang='lat' dir='ltr'>de</span> <span class='ocrx_word' id='word_1_33' title='bbox 1226 619 1304 681; x_wconf 87' lang='lat' dir='ltr'>lacto</span> 
     </span>
     <span class='ocr_line' id='line_1_5' title="bbox 166 724 1307 808; baseline -0.007 -17"><span class='ocrx_word' id='word_1_34' title='bbox 166 737 264 792; x_wconf 89' lang='lat' dir='ltr'>tamen</span> <span class='ocrx_word' id='word_1_35' title='bbox 289 747 350 791; x_wconf 90' lang='lat' dir='ltr'>non</span> <span class='ocrx_word' id='word_1_36' title='bbox 372 733 543 806; x_wconf 82' lang='lat' dir='ltr'>recesserit,</span> <span class='ocrx_word' id='word_1_37' title='bbox 567 733 597 789; x_wconf 89' lang='lat' dir='ltr'>et</span> <span class='ocrx_word' id='word_1_38' title='bbox 619 727 755 808; x_wconf 89' lang='lat' dir='ltr'>copulam</span> <span class='ocrx_word' id='word_1_39' title='bbox 776 745 844 788; x_wconf 91' lang='lat' dir='ltr'>eum</span> <span class='ocrx_word' id='word_1_40' title='bbox 867 743 902 788; x_wconf 94' lang='lat' dir='ltr'>ea</span> <span class='ocrx_word' id='word_1_41' title='bbox 920 725 1042 804; x_wconf 89' lang='lat' dir='ltr'>babens,</span> <span class='ocrx_word' id='word_1_42' title='bbox 1067 724 1236 786; x_wconf 88' lang='lat' dir='ltr'>censendus</span> <span class='ocrx_word' id='word_1_43' title='bbox 1260 729 1307 784; x_wconf 88' lang='lat' dir='ltr'>est</span> 
     </span>
     <span class='ocr_line' id='line_1_6' title="bbox 166 829 1306 912; baseline -0.007 -19"><span class='ocrx_word' id='word_1_44' title='bbox 166 831 349 912; x_wconf 87' lang='lat' dir='ltr'>praedictum</span> <span class='ocrx_word' id='word_1_45' title='bbox 356 831 547 895; x_wconf 80' lang='lat' dir='ltr'>&#39;contractum</span> <span class='ocrx_word' id='word_1_46' title='bbox 565 829 758 910; x_wconf 81' lang='lat' dir='ltr'>approbasse,</span> <span class='ocrx_word' id='word_1_47' title='bbox 781 834 812 890; x_wconf 88' lang='lat' dir='ltr'>et</span> <span class='ocrx_word' id='word_1_48' title='bbox 827 833 1002 892; x_wconf 86' lang='lat' dir='ltr'>attentatum</span> <span class='ocrx_word' id='word_1_49' title='bbox 1025 845 1179 890; x_wconf 87' lang='lat' dir='ltr'>recessum</span> <span class='ocrx_word' id='word_1_50' title='bbox 1197 844 1306 887; x_wconf 90' lang='lat' dir='ltr'>emen-</span> 
     </span>
    </p>
   </div>
   <div class='ocr_carea' id='block_1_3' title="bbox 166 933 324 1010">
    <p class='ocr_par' dir='ltr' id='par_1_3' title="bbox 166 933 324 1010">
     <span class='ocr_line' id='line_1_7' title="bbox 166 933 324 1010; baseline -0.006 -14"><span class='ocrx_word' id='word_1_51' title='bbox 166 934 288 998; x_wconf 87' lang='lat' dir='ltr'>dasse.“</span> <span class='ocrx_word' id='word_1_52' title='bbox 300 933 324 1010; x_wconf 86' lang='lat'>¹)</span> 
     </span>
    </p>
   </div>
   <div class='ocr_carea' id='block_1_4' title="bbox 462 1065 1010 1272">
    <p class='ocr_par' dir='ltr' id='par_1_4' title="bbox 462 1065 1010 1272">
     <span class='ocr_line' id='line_1_8' title="bbox 685 1065 788 1142; baseline 0 -12"><span class='ocrx_word' id='word_1_53' title='bbox 685 1075 713 1142; x_wconf 63' lang='grc' dir='ltr'><strong>ς.</strong></span> <span class='ocrx_word' id='word_1_54' title='bbox 740 1065 788 1130; x_wconf 82' lang='lat'>17.</span> 
     </span>
     <span class='ocr_line' id='line_1_9' title="bbox 462 1197 1010 1272; baseline -0.007 -12"><span class='ocrx_word' id='word_1_55' title='bbox 462 1197 514 1270; x_wconf 80' lang='lat' dir='ltr'>De</span> <span class='ocrx_word' id='word_1_56' title='bbox 532 1199 762 1258; x_wconf 80' lang='lat' dir='ltr'>dissolutione</span> <span class='ocrx_word' id='word_1_57' title='bbox 782 1198 1010 1272; x_wconf 84' lang='lat' dir='ltr'>sponsalium.</span> 
     </span>
    </p>
   </div>
   <div class='ocr_carea' id='block_1_5' title="bbox 166 1334 1305 2348">
    <p class='ocr_par' dir='ltr' id='par_1_5' title="bbox 166 1334 1305 2348">
     <span class='ocr_line' id='line_1_10' title="bbox 250 1334 1305 1422; baseline -0.008 -22"><span class='ocrx_word' id='word_1_58' title='bbox 250 1334 273 1400; x_wconf 95' lang='lat' dir='ltr'>l.</span> <span class='ocrx_word' id='word_1_59' title='bbox 303 1337 452 1422; x_wconf 83' lang='lat' dir='ltr'>Obligatio</span> <span class='ocrx_word' id='word_1_60' title='bbox 480 1338 678 1419; x_wconf 88' lang='lat' dir='ltr'>sponsalium,</span> <span class='ocrx_word' id='word_1_61' title='bbox 708 1341 799 1398; x_wconf 89' lang='lat' dir='ltr'>etiam</span> <span class='ocrx_word' id='word_1_62' title='bbox 824 1337 994 1422; x_wconf 87' lang='lat' dir='ltr'>juramento</span> <span class='ocrx_word' id='word_1_63' title='bbox 1025 1334 1227 1408; x_wconf 84' lang='lat' dir='ltr'>firmatorum,</span> <span class='ocrx_word' id='word_1_64' title='bbox 1265 1351 1305 1394; x_wconf 88' lang='lat' dir='ltr'>ex</span> 
     </span>
     <span class='ocr_line' id='line_1_11' title="bbox 166 1442 817 1524; baseline 0 -24"><span class='ocrx_word' id='word_1_65' title='bbox 166 1447 301 1521; x_wconf 84' lang='lat' dir='ltr'>utreque</span> <span class='ocrx_word' id='word_1_66' title='bbox 322 1447 408 1522; x_wconf 90' lang='lat' dir='ltr'>parte</span> <span class='ocrx_word' id='word_1_67' title='bbox 430 1442 543 1504; x_wconf 88' lang='lat' dir='ltr'>tollitur</span> <span class='ocrx_word' id='word_1_68' title='bbox 564 1446 595 1502; x_wconf 91' lang='lat' dir='ltr'>et</span> <span class='ocrx_word' id='word_1_69' title='bbox 617 1444 817 1524; x_wconf 85' lang='lat' dir='ltr'>extinguitur:</span> 
     </span>
     <span class='ocr_line' id='line_1_12' title="bbox 198 1546 1165 1625; baseline -0.002 -19"><span class='ocrx_word' id='word_1_70' title='bbox 198 1546 231 1618; x_wconf 92' lang='lat'>1)</span> <span class='ocrx_word' id='word_1_71' title='bbox 255 1563 308 1625; x_wconf 88' lang='lat' dir='ltr'>per</span> <span class='ocrx_word' id='word_1_72' title='bbox 330 1561 522 1622; x_wconf 88' lang='lat' dir='ltr'>consensum,</span> <span class='ocrx_word' id='word_1_73' title='bbox 546 1549 648 1606; x_wconf 89' lang='lat' dir='ltr'>mutuo</span> <span class='ocrx_word' id='word_1_74' title='bbox 671 1547 761 1604; x_wconf 90' lang='lat' dir='ltr'>etiam</span> <span class='ocrx_word' id='word_1_75' title='bbox 784 1547 850 1606; x_wconf 92' lang='lat' dir='ltr'>sine</span> <span class='ocrx_word' id='word_1_76' title='bbox 872 1562 960 1606; x_wconf 88' lang='lat' dir='ltr'>eausa</span> <span class='ocrx_word' id='word_1_77' title='bbox 982 1547 1165 1608; x_wconf 89' lang='lat' dir='ltr'>revocatum.</span> 
     </span>
     <span class='ocr_line' id='line_1_13' title="bbox 194 1643 1304 1726; baseline -0.006 -16"><span class='ocrx_word' id='word_1_78' title='bbox 194 1645 230 1721; x_wconf 82' lang='lat'>2)</span> <span class='ocrx_word' id='word_1_79' title='bbox 253 1665 306 1726; x_wconf 89' lang='lat' dir='ltr'>per</span> <span class='ocrx_word' id='word_1_80' title='bbox 321 1648 491 1712; x_wconf 87' lang='lat' dir='ltr'>dissensum</span> <span class='ocrx_word' id='word_1_81' title='bbox 514 1650 603 1708; x_wconf 90' lang='lat' dir='ltr'>unius</span> <span class='ocrx_word' id='word_1_82' title='bbox 624 1650 726 1726; x_wconf 84' lang='lat' dir='ltr'>partis,</span> <span class='ocrx_word' id='word_1_83' title='bbox 751 1647 937 1726; x_wconf 87' lang='lat' dir='ltr'>pubertatem</span> <span class='ocrx_word' id='word_1_84' title='bbox 960 1646 1094 1726; x_wconf 84' lang='lat' dir='ltr'>adeptae,</span> <span class='ocrx_word' id='word_1_85' title='bbox 1118 1647 1144 1706; x_wconf 93' lang='lat' dir='ltr'>si</span> <span class='ocrx_word' id='word_1_86' title='bbox 1165 1643 1304 1724; x_wconf 89' lang='lat' dir='ltr'>impubes</span> 
     </span>
     <span class='ocr_line' id='line_1_14' title="bbox 253 1743 1302 1830; baseline -0.002 -20"><span class='ocrx_word' id='word_1_87' title='bbox 253 1755 414 1826; x_wconf 60' lang='lat' dir='ltr'>contrarie</span> <span class='ocrx_word' id='word_1_88' title='bbox 439 1757 574 1830; x_wconf 91' lang='lat' dir='ltr'>tempore</span> <span class='ocrx_word' id='word_1_89' title='bbox 596 1755 695 1812; x_wconf 88' lang='lat' dir='ltr'>autem</span> <span class='ocrx_word' id='word_1_90' title='bbox 718 1749 924 1828; x_wconf 92' lang='lat' dir='ltr'>impubertatis</span> <span class='ocrx_word' id='word_1_91' title='bbox 947 1751 1067 1812; x_wconf 91' lang='lat' dir='ltr'>solvere</span> <span class='ocrx_word' id='word_1_92' title='bbox 1089 1743 1302 1827; x_wconf 83' lang='lat' dir='ltr'>prohibetur.²)</span> 
     </span>
     <span class='ocr_line' id='line_1_15' title="bbox 194 1848 1304 1932; baseline -0.005 -18"><span class='ocrx_word' id='word_1_93' title='bbox 194 1848 230 1927; x_wconf 87' lang='grc'>3)</span> <span class='ocrx_word' id='word_1_94' title='bbox 253 1869 306 1931; x_wconf 90' lang='lat' dir='ltr'>per</span> <span class='ocrx_word' id='word_1_95' title='bbox 327 1857 548 1932; x_wconf 87' lang='lat' dir='ltr'>susceptionem</span> <span class='ocrx_word' id='word_1_96' title='bbox 577 1871 617 1916; x_wconf 92' lang='lat' dir='ltr'>ss.</span> <span class='ocrx_word' id='word_1_97' title='bbox 640 1851 779 1916; x_wconf 90' lang='lat' dir='ltr'>ordinum</span> <span class='ocrx_word' id='word_1_98' title='bbox 802 1853 851 1914; x_wconf 89' lang='lat' dir='ltr'>vel</span> <span class='ocrx_word' id='word_1_99' title='bbox 879 1851 1098 1932; x_wconf 81' lang='lat' dir='ltr'>professionem</span> <span class='ocrx_word' id='word_1_100' title='bbox 1120 1849 1304 1931; x_wconf 84' lang='lat' dir='ltr'>religiosam.</span> 
     </span>
     <span class='ocr_line' id='line_1_16' title="bbox 193 1953 1302 2034; baseline -0.002 -18"><span class='ocrx_word' id='word_1_101' title='bbox 193 1953 229 2031; x_wconf 84' lang='grc'>4)</span> <span class='ocrx_word' id='word_1_102' title='bbox 253 1973 306 2034; x_wconf 91' lang='lat' dir='ltr'>per</span> <span class='ocrx_word' id='word_1_103' title='bbox 328 1954 500 2019; x_wconf 91' lang='lat' dir='ltr'>dilationem</span> <span class='ocrx_word' id='word_1_104' title='bbox 528 1960 651 2018; x_wconf 88' lang='lat' dir='ltr'>nimiam</span> <span class='ocrx_word' id='word_1_105' title='bbox 679 1955 755 2017; x_wconf 91' lang='lat' dir='ltr'>ultra</span> <span class='ocrx_word' id='word_1_106' title='bbox 780 1959 937 2016; x_wconf 90' lang='lat' dir='ltr'>terminum</span> <span class='ocrx_word' id='word_1_107' title='bbox 965 1953 1148 2034; x_wconf 85' lang='lat' dir='ltr'>praefixum,</span> <span class='ocrx_word' id='word_1_108' title='bbox 1178 1957 1262 2012; x_wconf 86' lang='lat' dir='ltr'>certe</span> <span class='ocrx_word' id='word_1_109' title='bbox 1284 1971 1302 2014; x_wconf 90' lang='lat' dir='ltr'>a</span> 
     </span>
     <span class='ocr_line' id='line_1_17' title="bbox 250 2053 1021 2138; baseline -0.003 -18"><span class='ocrx_word' id='word_1_110' title='bbox 250 2063 334 2137; x_wconf 86' lang='lat' dir='ltr'>parte</span> <span class='ocrx_word' id='word_1_111' title='bbox 356 2059 472 2138; x_wconf 90' lang='lat' dir='ltr'>culpam</span> <span class='ocrx_word' id='word_1_112' title='bbox 496 2064 527 2120; x_wconf 87' lang='lat' dir='ltr'>et</span> <span class='ocrx_word' id='word_1_113' title='bbox 549 2077 662 2121; x_wconf 90' lang='lat' dir='ltr'>moram</span> <span class='ocrx_word' id='word_1_114' title='bbox 684 2076 746 2120; x_wconf 91' lang='lat' dir='ltr'>non</span> <span class='ocrx_word' id='word_1_115' title='bbox 768 2061 982 2120; x_wconf 86' lang='lat' dir='ltr'>committente.</span> <span class='ocrx_word' id='word_1_116' title='bbox 991 2053 1021 2130; x_wconf 77' lang='grc'>3)</span> 
     </span>
     <span class='ocr_line' id='line_1_18' title="bbox 192 2159 1026 2241; baseline -0.002 -19"><span class='ocrx_word' id='word_1_117' title='bbox 192 2159 227 2232; x_wconf 87' lang='grc'>5)</span> <span class='ocrx_word' id='word_1_118' title='bbox 249 2177 303 2238; x_wconf 91' lang='lat' dir='ltr'>per</span> <span class='ocrx_word' id='word_1_119' title='bbox 323 2162 570 2241; x_wconf 90' lang='lat' dir='ltr'>impedimentum</span> <span class='ocrx_word' id='word_1_120' title='bbox 595 2163 775 2222; x_wconf 89' lang='lat' dir='ltr'>matrimonii</span> <span class='ocrx_word' id='word_1_121' title='bbox 797 2164 1026 2240; x_wconf 91' lang='lat' dir='ltr'>superveniens.</span> 
     </span>
     <span class='ocr_line' id='line_1_19' title="bbox 185 2259 982 2348; baseline 0.003 -24"><span class='ocrx_word' id='word_1_122' title='bbox 185 2259 227 2348; x_wconf 28' lang='lat'>¹6)</span> <span class='ocrx_word' id='word_1_123' title='bbox 250 2280 305 2342; x_wconf 91' lang='lat' dir='ltr'>per</span> <span class='ocrx_word' id='word_1_124' title='bbox 326 2264 528 2326; x_wconf 85' lang='lat' dir='ltr'>conditionem</span> <span class='ocrx_word' id='word_1_125' title='bbox 550 2269 715 2342; x_wconf 88' lang='lat' dir='ltr'>appositam</span> <span class='ocrx_word' id='word_1_126' title='bbox 737 2281 797 2326; x_wconf 92' lang='lat' dir='ltr'>uon</span> <span class='ocrx_word' id='word_1_127' title='bbox 820 2264 982 2344; x_wconf 88' lang='lat' dir='ltr'>impletam.</span> 
     </span>
    </p>
   </div>
   <div class='ocr_carea' id='block_1_6' title="bbox 162 2381 1299 3494">
    <p class='ocr_par' dir='ltr' id='par_1_6' title="bbox 162 2381 1299 2566">
     <span class='ocr_line' id='line_1_20' title="bbox 162 2381 1299 2464; baseline 0 -22"><span class='ocrx_word' id='word_1_128' title='bbox 162 2395 165 2402; x_wconf 76' lang='grc'><em>’</em></span> <span class='ocrx_word' id='word_1_129' title='bbox 205 2419 207 2424; x_wconf 83' lang='lat'><strong>.</strong></span> <span class='ocrx_word' id='word_1_130' title='bbox 247 2381 283 2445; x_wconf 90' lang='lat' dir='ltr'>ll.</span> <span class='ocrx_word' id='word_1_131' title='bbox 311 2383 376 2446; x_wconf 82' lang='lat' dir='ltr'>Uen</span> <span class='ocrx_word' id='word_1_132' title='bbox 398 2401 472 2446; x_wconf 89' lang='lat' dir='ltr'>vero</span> <span class='ocrx_word' id='word_1_133' title='bbox 495 2401 563 2464; x_wconf 90' lang='lat' dir='ltr'>pars</span> <span class='ocrx_word' id='word_1_134' title='bbox 586 2383 789 2446; x_wconf 88' lang='lat' dir='ltr'>tantummodo</span> <span class='ocrx_word' id='word_1_135' title='bbox 820 2390 919 2464; x_wconf 89' lang='lat' dir='ltr'>potest</span> <span class='ocrx_word' id='word_1_136' title='bbox 941 2384 1074 2462; x_wconf 89' lang='lat' dir='ltr'>resilire,</span> <span class='ocrx_word' id='word_1_137' title='bbox 1108 2387 1133 2445; x_wconf 92' lang='lat' dir='ltr'>si</span> <span class='ocrx_word' id='word_1_138' title='bbox 1157 2382 1299 2458; x_wconf 89' lang='lat' dir='ltr'>voluerit,</span> 
     </span>
     <span class='ocr_line' id='line_1_21' title="bbox 162 2483 1028 2566; baseline 0.006 -22"><span class='ocrx_word' id='word_1_139' title='bbox 162 2483 281 2563; x_wconf 89' lang='lat' dir='ltr'>quando</span> <span class='ocrx_word' id='word_1_140' title='bbox 303 2485 392 2547; x_wconf 92' lang='lat' dir='ltr'>adid</span> <span class='ocrx_word' id='word_1_141' title='bbox 415 2489 508 2550; x_wconf 89' lang='lat' dir='ltr'>altera</span> <span class='ocrx_word' id='word_1_142' title='bbox 531 2505 597 2566; x_wconf 90' lang='lat' dir='ltr'>pars</span> <span class='ocrx_word' id='word_1_143' title='bbox 620 2491 675 2566; x_wconf 89' lang='lat' dir='ltr'>ipsi</span> <span class='ocrx_word' id='word_1_144' title='bbox 699 2505 819 2549; x_wconf 89' lang='lat' dir='ltr'>oausam</span> <span class='ocrx_word' id='word_1_145' title='bbox 842 2487 1028 2566; x_wconf 88' lang='lat' dir='ltr'>praebuerit:</span> 
     </span>
    </p>

    <p class='ocr_par' dir='ltr' id='par_1_7' title="bbox 192 2586 1299 2962">
     <span class='ocr_line' id='line_1_22' title="bbox 192 2586 1299 2670; baseline 0.001 -21"><span class='ocrx_word' id='word_1_146' title='bbox 192 2586 224 2664; x_wconf 91' lang='lat'>1)</span> <span class='ocrx_word' id='word_1_147' title='bbox 247 2606 300 2668; x_wconf 89' lang='lat' dir='ltr'>per</span> <span class='ocrx_word' id='word_1_148' title='bbox 322 2594 544 2652; x_wconf 88' lang='lat' dir='ltr'>matrimonium</span> <span class='ocrx_word' id='word_1_149' title='bbox 567 2609 635 2651; x_wconf 90' lang='lat' dir='ltr'>cum</span> <span class='ocrx_word' id='word_1_150' title='bbox 657 2589 715 2653; x_wconf 89' lang='lat' dir='ltr'>alia</span> <span class='ocrx_word' id='word_1_151' title='bbox 738 2608 864 2670; x_wconf 90' lang='lat' dir='ltr'>persona</span> <span class='ocrx_word' id='word_1_152' title='bbox 884 2589 994 2668; x_wconf 85' lang='lat' dir='ltr'>valide,</span> <span class='ocrx_word' id='word_1_153' title='bbox 1018 2593 1075 2650; x_wconf 88' lang='lat' dir='ltr'>etsi</span> <span class='ocrx_word' id='word_1_154' title='bbox 1097 2589 1212 2668; x_wconf 88' lang='lat' dir='ltr'>illicite,</span> <span class='ocrx_word' id='word_1_155' title='bbox 1236 2593 1299 2650; x_wconf 92' lang='lat' dir='ltr'>ini-</span> 
     </span>
     <span class='ocr_line' id='line_1_23' title="bbox 246 2691 1298 2776; baseline 0.002 -24"><span class='ocrx_word' id='word_1_156' title='bbox 246 2698 327 2771; x_wconf 89' lang='lat' dir='ltr'>tum,</span> <span class='ocrx_word' id='word_1_157' title='bbox 362 2698 431 2774; x_wconf 91' lang='lat' dir='ltr'>quia</span> <span class='ocrx_word' id='word_1_158' title='bbox 460 2697 637 2773; x_wconf 89' lang='lat' dir='ltr'>supervenit</span> <span class='ocrx_word' id='word_1_159' title='bbox 664 2691 912 2772; x_wconf 87' lang='lat' dir='ltr'>impedimentum</span> <span class='ocrx_word' id='word_1_160' title='bbox 943 2692 1111 2776; x_wconf 82' lang='lat' dir='ltr'>ligaminis3</span> <span class='ocrx_word' id='word_1_161' title='bbox 1143 2711 1182 2754; x_wconf 87' lang='lat' dir='ltr'>ex</span> <span class='ocrx_word' id='word_1_162' title='bbox 1215 2699 1298 2774; x_wconf 85' lang='lat' dir='ltr'>parte</span> 
     </span>
     <span class='ocr_line' id='line_1_24' title="bbox 245 2795 1294 2880; baseline 0.004 -26"><span class='ocrx_word' id='word_1_163' title='bbox 245 2801 344 2856; x_wconf 89' lang='lat' dir='ltr'>tamen</span> <span class='ocrx_word' id='word_1_164' title='bbox 372 2800 413 2856; x_wconf 89' lang='lat' dir='ltr'>ita</span> <span class='ocrx_word' id='word_1_165' title='bbox 436 2795 629 2860; x_wconf 87' lang='lat' dir='ltr'>contrahente</span> <span class='ocrx_word' id='word_1_166' title='bbox 659 2801 758 2858; x_wconf 85' lang='lat' dir='ltr'>manet</span> <span class='ocrx_word' id='word_1_167' title='bbox 787 2796 946 2880; x_wconf 85' lang='lat' dir='ltr'>obligatio,</span> <span class='ocrx_word' id='word_1_168' title='bbox 976 2801 1052 2876; x_wconf 84' lang='lat' dir='ltr'>parti</span> <span class='ocrx_word' id='word_1_169' title='bbox 1074 2796 1175 2859; x_wconf 85' lang='lat' dir='ltr'>laesae</span> <span class='ocrx_word' id='word_1_170' title='bbox 1205 2801 1294 2860; x_wconf 89' lang='lat' dir='ltr'>satis-</span> 
     </span>
     <span class='ocr_line' id='line_1_25' title="bbox 245 2894 773 2962; baseline 0.009 -6"><span class='ocrx_word' id='word_1_171' title='bbox 245 2894 374 2957; x_wconf 88' lang='lat' dir='ltr'>faciendi</span> <span class='ocrx_word' id='word_1_172' title='bbox 396 2916 432 2959; x_wconf 89' lang='lat' dir='ltr'>ac</span> <span class='ocrx_word' id='word_1_173' title='bbox 454 2899 560 2960; x_wconf 89' lang='lat' dir='ltr'>damna</span> <span class='ocrx_word' id='word_1_174' title='bbox 582 2899 773 2962; x_wconf 87' lang='lat' dir='ltr'>resarciendi.</span> 
     </span>
    </p>

    <p class='ocr_par' dir='ltr' id='par_1_8' title="bbox 186 2995 1295 3186">
     <span class='ocr_line' id='line_1_26' title="bbox 186 2995 1295 3082; baseline 0.002 -24"><span class='ocrx_word' id='word_1_175' title='bbox 186 2995 221 3072; x_wconf 81' lang='lat'>2)</span> <span class='ocrx_word' id='word_1_176' title='bbox 244 3015 298 3077; x_wconf 90' lang='lat' dir='ltr'>per</span> <span class='ocrx_word' id='word_1_177' title='bbox 327 2998 554 3062; x_wconf 81' lang='lat' dir='ltr'>fornicationem</span> <span class='ocrx_word' id='word_1_178' title='bbox 586 3002 709 3064; x_wconf 89' lang='lat' dir='ltr'>alterius</span> <span class='ocrx_word' id='word_1_179' title='bbox 738 3007 845 3081; x_wconf 89' lang='lat' dir='ltr'>partis,</span> <span class='ocrx_word' id='word_1_180' title='bbox 880 3001 1031 3082; x_wconf 91' lang='lat' dir='ltr'>sponsalia</span> <span class='ocrx_word' id='word_1_181' title='bbox 1059 3000 1295 3082; x_wconf 88' lang='lat' dir='ltr'>subsequentem</span> 
     </span>
     <span class='ocr_line' id='line_1_27' title="bbox 245 3100 922 3186; baseline 0.006 -24"><span class='ocrx_word' id='word_1_182' title='bbox 245 3105 296 3162; x_wconf 89' lang='lat' dir='ltr'>aut</span> <span class='ocrx_word' id='word_1_183' title='bbox 318 3100 563 3181; x_wconf 88' lang='lat' dir='ltr'>antecedentem,</span> <span class='ocrx_word' id='word_1_184' title='bbox 585 3107 752 3186; x_wconf 86' lang='lat' dir='ltr'>ignoratam</span> <span class='ocrx_word' id='word_1_185' title='bbox 777 3101 922 3182; x_wconf 75' lang='lat' dir='ltr'>tamen.⁴)</span> 
     </span>
    </p>

    <p class='ocr_par' dir='ltr' id='par_1_9' title="bbox 188 3199 1296 3388">
     <span class='ocr_line' id='line_1_28' title="bbox 188 3199 1295 3286; baseline 0.004 -22"><span class='ocrx_word' id='word_1_186' title='bbox 188 3199 222 3278; x_wconf 92' lang='lat'>3)</span> <span class='ocrx_word' id='word_1_187' title='bbox 245 3222 299 3284; x_wconf 90' lang='lat' dir='ltr'>per</span> <span class='ocrx_word' id='word_1_188' title='bbox 315 3203 479 3268; x_wconf 89' lang='lat' dir='ltr'>discessum</span> <span class='ocrx_word' id='word_1_189' title='bbox 498 3209 530 3266; x_wconf 92' lang='lat' dir='ltr'>in</span> <span class='ocrx_word' id='word_1_190' title='bbox 549 3205 621 3268; x_wconf 92' lang='lat' dir='ltr'>alias</span> <span class='ocrx_word' id='word_1_191' title='bbox 638 3212 732 3270; x_wconf 89' lang='lat' dir='ltr'>terras</span> <span class='ocrx_word' id='word_1_192' title='bbox 750 3211 844 3270; x_wconf 90' lang='lat' dir='ltr'>inscia</span> <span class='ocrx_word' id='word_1_193' title='bbox 861 3213 912 3270; x_wconf 92' lang='lat' dir='ltr'>aut</span> <span class='ocrx_word' id='word_1_194' title='bbox 929 3210 1024 3268; x_wconf 86' lang='lat' dir='ltr'>invita</span> <span class='ocrx_word' id='word_1_195' title='bbox 1046 3205 1139 3268; x_wconf 88' lang='lat' dir='ltr'>altera</span> <span class='ocrx_word' id='word_1_196' title='bbox 1159 3213 1244 3286; x_wconf 89' lang='lat' dir='ltr'>parte</span> <span class='ocrx_word' id='word_1_197' title='bbox 1262 3225 1295 3268; x_wconf 87' lang='lat' dir='ltr'>ae</span> 
     </span>
     <span class='ocr_line' id='line_1_29' title="bbox 244 3305 1296 3388; baseline 0.003 -22"><span class='ocrx_word' id='word_1_198' title='bbox 244 3305 411 3370; x_wconf 89' lang='lat' dir='ltr'>diuturnam</span> <span class='ocrx_word' id='word_1_199' title='bbox 427 3312 459 3370; x_wconf 89' lang='lat' dir='ltr'>in</span> <span class='ocrx_word' id='word_1_200' title='bbox 476 3311 514 3370; x_wconf 88' lang='lat' dir='ltr'>iis</span> <span class='ocrx_word' id='word_1_201' title='bbox 535 3309 701 3372; x_wconf 90' lang='lat' dir='ltr'>absentiam</span> <span class='ocrx_word' id='word_1_202' title='bbox 718 3315 768 3371; x_wconf 88' lang='lat' dir='ltr'>aut</span> <span class='ocrx_word' id='word_1_203' title='bbox 784 3314 905 3372; x_wconf 88' lang='lat' dir='ltr'>nimiam</span> <span class='ocrx_word' id='word_1_204' title='bbox 921 3313 1090 3388; x_wconf 86' lang='lat' dir='ltr'>nuptiarum</span> <span class='ocrx_word' id='word_1_205' title='bbox 1109 3308 1296 3372; x_wconf 88' lang='lat' dir='ltr'>dilationem.</span> 
     </span>
    </p>

    <p class='ocr_par' dir='ltr' id='par_1_10' title="bbox 182 3401 1094 3494">
     <span class='ocr_line' id='line_1_30' title="bbox 182 3401 1094 3494; baseline 0.002 -24"><span class='ocrx_word' id='word_1_206' title='bbox 182 3401 218 3486; x_wconf 80' lang='lat' dir='ltr'>d)</span> <span class='ocrx_word' id='word_1_207' title='bbox 241 3429 294 3490; x_wconf 90' lang='lat' dir='ltr'>per</span> <span class='ocrx_word' id='word_1_208' title='bbox 314 3415 488 3494; x_wconf 81' lang='lat' dir='ltr'>ingressum</span> <span class='ocrx_word' id='word_1_209' title='bbox 510 3415 543 3473; x_wconf 91' lang='lat' dir='ltr'>in</span> <span class='ocrx_word' id='word_1_210' title='bbox 566 3415 747 3475; x_wconf 87' lang='lat' dir='ltr'>noviciatum</span> <span class='ocrx_word' id='word_1_211' title='bbox 771 3411 891 3475; x_wconf 87' lang='lat' dir='ltr'>Ordinis</span> <span class='ocrx_word' id='word_1_212' title='bbox 913 3407 1094 3494; x_wconf 80' lang='lat' dir='ltr'>religiosi.⁵)</span> 
     </span>
    </p>
   </div>
   <div class='ocr_carea' id='block_1_7' title="bbox 153 3579 358 3592">
    <p class='ocr_par' dir='ltr' id='par_1_11' title="bbox 153 3579 358 3592">
     <span class='ocr_line' id='line_1_31' title="bbox 153 3579 358 3592; baseline -0.015 0"><span class='ocrx_word' id='word_1_213' title='bbox 153 3579 358 3592; x_wconf 50' lang='lat' dir='ltr'>&#39;mn-.-</span> 
     </span>
    </p>
   </div>
   <div class='ocr_carea' id='block_1_8' title="bbox 177 3680 1256 4098">
    <p class='ocr_par' dir='ltr' id='par_1_12' title="bbox 182 3680 579 3751">
     <span class='ocr_line' id='line_1_32' title="bbox 182 3680 579 3751; baseline 0 -16"><span class='ocrx_word' id='word_1_214' title='bbox 182 3680 204 3748; x_wconf 74' lang='lat'>1)</span> <span class='ocrx_word' id='word_1_215' title='bbox 223 3681 367 3751; x_wconf 83' lang='lat' dir='ltr'>Cantropul.</span> <span class='ocrx_word' id='word_1_216' title='bbox 385 3682 455 3734; x_wconf 81' lang='lat' dir='ltr'>Perit.</span> <span class='ocrx_word' id='word_1_217' title='bbox 473 3683 579 3736; x_wconf 79' lang='lat' dir='ltr'>beuren.</span> 
     </span>
    </p>

    <p class='ocr_par' dir='ltr' id='par_1_13' title="bbox 180 3767 910 3839">
     <span class='ocr_line' id='line_1_33' title="bbox 180 3767 910 3839; baseline 0.004 -18"><span class='ocrx_word' id='word_1_218' title='bbox 180 3769 202 3834; x_wconf 81' lang='lat'>²)</span> <span class='ocrx_word' id='word_1_219' title='bbox 223 3768 284 3836; x_wconf 87' lang='lat' dir='ltr'>Cap.</span> <span class='ocrx_word' id='word_1_220' title='bbox 303 3768 335 3819; x_wconf 89' lang='lat' dir='ltr'>de</span> <span class='ocrx_word' id='word_1_221' title='bbox 353 3769 401 3820; x_wconf 86' lang='lat' dir='ltr'>illis</span> <span class='ocrx_word' id='word_1_222' title='bbox 419 3772 443 3820; x_wconf 79' lang='lat'>7.</span> <span class='ocrx_word' id='word_1_223' title='bbox 462 3767 492 3820; x_wconf 87' lang='grc' dir='ltr'>Χ.</span> <span class='ocrx_word' id='word_1_224' title='bbox 511 3769 543 3819; x_wconf 93' lang='lat' dir='ltr'>de</span> <span class='ocrx_word' id='word_1_225' title='bbox 562 3769 682 3838; x_wconf 86' lang='lat' dir='ltr'>despous.</span> <span class='ocrx_word' id='word_1_226' title='bbox 702 3772 798 3839; x_wconf 89' lang='lat' dir='ltr'>impub.</span> <span class='ocrx_word' id='word_1_227' title='bbox 817 3773 853 3839; x_wconf 80' lang='lat' dir='ltr'>(t.</span> <span class='ocrx_word' id='word_1_228' title='bbox 874 3775 910 3839; x_wconf 84' lang='lat'>2.)</span> 
     </span>
    </p>

    <p class='ocr_par' dir='ltr' id='par_1_14' title="bbox 177 3853 1256 4011">
     <span class='ocr_line' id='line_1_34' title="bbox 180 3853 1256 3924; baseline 0.004 -19"><span class='ocrx_word' id='word_1_229' title='bbox 180 3853 203 3918; x_wconf 83' lang='lat'>³)</span> <span class='ocrx_word' id='word_1_230' title='bbox 222 3853 284 3921; x_wconf 83' lang='lat' dir='ltr'>Gap.</span> <span class='ocrx_word' id='word_1_231' title='bbox 302 3855 334 3905; x_wconf 88' lang='lat' dir='ltr'>du</span> <span class='ocrx_word' id='word_1_232' title='bbox 350 3853 399 3904; x_wconf 88' lang='lat' dir='ltr'>illis</span> <span class='ocrx_word' id='word_1_233' title='bbox 418 3857 442 3906; x_wconf 84' lang='lat'>5.</span> <span class='ocrx_word' id='word_1_234' title='bbox 460 3853 490 3906; x_wconf 88' lang='lat' dir='ltr'>X.</span> <span class='ocrx_word' id='word_1_235' title='bbox 510 3855 541 3906; x_wconf 92' lang='lat' dir='ltr'>de</span> <span class='ocrx_word' id='word_1_236' title='bbox 559 3871 645 3924; x_wconf 86' lang='lat' dir='ltr'>spons.</span> <span class='ocrx_word' id='word_1_237' title='bbox 664 3864 689 3907; x_wconf 89' lang='lat' dir='ltr'>et</span> <span class='ocrx_word' id='word_1_238' title='bbox 706 3866 777 3910; x_wconf 89' lang='lat' dir='ltr'>matr.</span> <span class='ocrx_word' id='word_1_239' title='bbox 796 3861 832 3924; x_wconf 83' lang='grc'><strong>(4.</strong></span> <span class='ocrx_word' id='word_1_240' title='bbox 853 3859 897 3924; x_wconf 86' lang='grc'><strong>1.).</strong></span> <span class='ocrx_word' id='word_1_241' title='bbox 917 3859 942 3912; x_wconf 91' lang='lat' dir='ltr'>S.</span> <span class='ocrx_word' id='word_1_242' title='bbox 962 3857 990 3910; x_wconf 87' lang='lat' dir='ltr'>G.</span> <span class='ocrx_word' id='word_1_243' title='bbox 1010 3857 1038 3911; x_wconf 85' lang='lat' dir='ltr'>G.</span> <span class='ocrx_word' id='word_1_244' title='bbox 1057 3860 1081 3910; x_wconf 84' lang='lat'>2.</span> <span class='ocrx_word' id='word_1_245' title='bbox 1099 3855 1155 3909; x_wconf 83' lang='lat' dir='ltr'>Oet.</span> <span class='ocrx_word' id='word_1_246' title='bbox 1176 3855 1256 3910; x_wconf 75' lang='lat'><strong>1⁷23.</strong></span> 
     </span>
     <span class='ocr_line' id='line_1_35' title="bbox 177 3937 997 4011; baseline 0.007 -21"><span class='ocrx_word' id='word_1_247' title='bbox 177 3937 201 4004; x_wconf 82' lang='lat'>⁴)</span> <span class='ocrx_word' id='word_1_248' title='bbox 220 3937 280 4005; x_wconf 83' lang='lat' dir='ltr'>Cap.</span> <span class='ocrx_word' id='word_1_249' title='bbox 299 3938 516 4002; x_wconf 84' lang='lat' dir='ltr'>Quemadmodum</span> <span class='ocrx_word' id='word_1_250' title='bbox 535 3942 575 3994; x_wconf 84' lang='lat'>25.</span> <span class='ocrx_word' id='word_1_251' title='bbox 595 3938 625 3997; x_wconf 87' lang='lat' dir='ltr'>X.</span> <span class='ocrx_word' id='word_1_252' title='bbox 644 3943 675 3994; x_wconf 92' lang='lat' dir='ltr'>de</span> <span class='ocrx_word' id='word_1_253' title='bbox 690 3942 860 4009; x_wconf 86' lang='lat' dir='ltr'>jurejurando</span> <span class='ocrx_word' id='word_1_254' title='bbox 879 3947 923 4011; x_wconf 78' lang='lat'>(2,</span> <span class='ocrx_word' id='word_1_255' title='bbox 942 3946 997 4010; x_wconf 77' lang='lat' dir='ltr'>tt).</span> 
     </span>
    </p>

    <p class='ocr_par' dir='ltr' id='par_1_15' title="bbox 177 4023 901 4098">
     <span class='ocr_line' id='line_1_36' title="bbox 177 4023 901 4098; baseline 0.011 -24"><span class='ocrx_word' id='word_1_256' title='bbox 177 4023 200 4090; x_wconf 85' lang='lat'>⁵)</span> <span class='ocrx_word' id='word_1_257' title='bbox 220 4023 280 4091; x_wconf 83' lang='lat' dir='ltr'>Gap.</span> <span class='ocrx_word' id='word_1_258' title='bbox 298 4027 404 4078; x_wconf 86' lang='lat' dir='ltr'>veniens</span> <span class='ocrx_word' id='word_1_259' title='bbox 422 4028 446 4077; x_wconf 87' lang='lat'>5.</span> <span class='ocrx_word' id='word_1_260' title='bbox 464 4025 496 4078; x_wconf 86' lang='lat' dir='ltr'>ll.</span> <span class='ocrx_word' id='word_1_261' title='bbox 514 4024 563 4089; x_wconf 83' lang='lat' dir='ltr'>Qui</span> <span class='ocrx_word' id='word_1_262' title='bbox 582 4027 666 4080; x_wconf 85' lang='lat' dir='ltr'>cleriei</span> <span class='ocrx_word' id='word_1_263' title='bbox 683 4037 710 4080; x_wconf 91' lang='lat' dir='ltr'>et</span> <span class='ocrx_word' id='word_1_264' title='bbox 727 4045 785 4084; x_wconf 78' lang='lat' dir='ltr'>vot.</span> <span class='ocrx_word' id='word_1_265' title='bbox 805 4032 842 4098; x_wconf 80' lang='lat' dir='ltr'>(i.</span> <span class='ocrx_word' id='word_1_266' title='bbox 864 4033 901 4098; x_wconf 85' lang='lat'>6).</span> 
     </span>
    </p>
   </div>
   <div class='ocr_carea' id='block_1_9' title="bbox 0 0 1376 4660">
    <p class='ocr_par' dir='ltr' id='par_1_16' title="bbox 0 0 1376 4660">
     <span class='ocr_line' id='line_1_37' title="bbox 0 0 1376 4660; baseline 0 2"><span class='ocrx_word' id='word_1_267' title='bbox 0 0 1376 4660; x_wconf 95' lang='lat' dir='ltr'> </span> 
     </span>
    </p>
   </div>
  </div>
 </body>
</html>
