2764 4664
468 247 548 302 Caena
568 249 769 302 matrimoniales.
1136 230 1197 298 309

149 405 268 488 Excipit
290 405 394 473 Petrus
424 410 516 468 testes
549 405 636 470 dates
663 405 816 470 aloaono
846 405 1006 472 familiares
1035 409 1101 490 ejus
1130 423 1198 470 esse

62 510 234 590 nullamque
262 512 306 571 eis
329 508 493 572 habendam
523 526 591 572 esse
614 507 720 583 hdem3
742 508 887 573 loannem
916 515 1011 590 ipsam
1034 514 1199 576 contracti,-

61 613 117 674 hus
139 632 157 674 a
181 611 267 674 Patro
288 615 372 676 initis
394 611 532 690 siluisse,
563 613 703 693 epistolas
727 613 897 692 scripsisse,
928 615 960 674 in
982 613 1090 693 quihus
1112 616 1197 695 signa

60 718 173 778 saneris
197 721 284 776 erant
307 715 431 795 plurime
455 721 521 794 posi
544 718 765 779 matrimonium
788 722 982 780 contractum.
1028 713 1198 794 Respondet

57 818 192 894 leanna,
218 833 316 898 acque
344 833 451 880 omnes
479 823 570 880 testes
593 818 756 882 familiares
784 837 856 884 esse
884 826 915 882 et
944 821 1196 902 consanguineos,

61 939 162 1002 neque
184 925 231 996 iis,
256 922 281 982 si
304 925 408 982 emant
430 918 518 982 sidem
543 920 721 1003 negandam,
745 941 813 986 cum
836 939 887 1001 ea,
910 941 988 1003 quae
1010 922 1090 986 demi
1113 927 1197 1004 gesta

60 1029 140 1099 sunt,
166 1023 215 1084 alii
240 1029 325 1085 extra
348 1022 468 1084 demum
491 1027 569 1088 scire
593 1030 759 1104 nequeent3
789 1023 911 1090 affuisse
934 1025 1134 1090 contractibus
1156 1028 1197 1100 vi,

64 1131 207 1206 tractuque
229 1131 378 1200 concinam
400 1126 540 1206 epistolas
564 1125 684 1188 dedisse
704 1145 765 1190 non
789 1131 939 1192 exanimi
962 1129 1120 1203 sententia,
1144 1125 1198 1187 sed

62 1230 110 1290 vel
133 1227 242 1291 el'hciis
272 1228 440 1305 devictam,
468 1228 517 1290 vel
541 1233 622 1290 metu
643 1234 729 1314 signa
758 1234 869 1294 amoris
901 1229 968 1292 ficta
991 1235 1022 1290 et
1043 1227 1197 1300 simulaia;
1296 1235 1309 1249 “

59 1335 177 1392 namsi
207 1349 290 1394 aaaror
312 1329 464 1410 aiiuisset,
497 1349 557 1394 nen
581 1331 797 1413 obstrepulssei
824 1332 930 1396 domus
953 1335 1106 1410 convitiis,
1127 1332 1198 1412 jur-

57 1439 189 1516 giisque,
215 1438 342 1516 integris
364 1438 451 1497 annis
467 1440 602 1515 quatuor.
649 1435 742 1498 noun
764 1435 837 1498 hacc
861 1453 920 1498 nen
944 1435 1052 1509 iacere,
1078 1440 1110 1496 ut
1130 1453 1197 1495 ma-

57 1541 251 1611 trimonium,
282 1536 361 1616 quod
390 1535 510 1600 deiectu
541 1555 707 1600 censensus
731 1537 844 1602 nulium
874 1538 930 1600 init
953 1537 989 1602 ab
1011 1541 1115 1614 initio,
1139 1555 1198 1617 pe-

58 1643 152 1700 tuerit
174 1638 396 1702 convalescere.

146 1739 194 1804 Ad
218 1741 338 1804 dublum
371 1748 555 1822 propesitum
600 1742 671 1821 „An
699 1748 817 1806 constet
855 1744 893 1806 de
924 1743 1059 1808 nullitate
1088 1747 1196 1806 matri-

58 1848 154 1906 monii
179 1847 209 1908 in
233 1846 327 1906 casu“
351 1850 407 1908 ete.
440 1843 468 1907 S.
487 1845 516 1908 G.
541 1844 680 1925 rependit
704 1844 752 1908 die
776 1845 895 1909 Sabbali
917 1843 1076 1910 meiana
1105 1843 1193 1908 lita.

56 1944 301 2028 „Negniivo“¹i.

529 2119 643 2182 Casus
665 2115 729 2212 Xll.

402 2269 521 2330 netas
538 2270 668 2345 injuste
684 2270 855 2330 inomaus.

148 2429 257 2513 Agitur
286 2429 324 2490 de
357 2431 546 2492 matrimonio
570 2435 724 2492 contracte
757 2433 836 2492 inter
857 2427 989 2492 Marcum
1014 2407 1144 2492 Brunum
1167 2433 1198 2492 et

55 2531 204 2594 loannem
225 2531 358 2606 Soldani,
382 2539 412 2592 ct
435 2537 599 2614 quaeritur,
623 2549 661 2594 an
684 2531 756 2594 illud
779 2536 817 2592 slt
834 2531 946 2594 nullum
971 2549 1075 2595 necne.
1108 2531 1198 2595 Porro

56 2655 98 2696 cx
130 2639 326 2697 attentatione
355 2634 479 2699 nubatis
510 2635 602 2726 Oratii
637 2633 764 2712 Berelli,
797 2637 847 2715 qui
878 2641 1017 2715 tanquam
1051 2634 1198 2716 parochus

56 2739 140 2800 dicte
163 2741 309 2818 praestitit
330 2743 529 2801 assistentiam
560 2741 748 2800 matrimonio
771 2743 801 2798 el
827 2757 866 2799 cx
890 2737 1015 2800 testibus
1039 2741 1196 2800 matrime-

58 2841 188 2903 nialibus
211 2847 242 2904 et
264 2841 331 2901 aliis
355 2841 578 2920 probationibus
601 2839 850 2903 bacchabantur.
896 2839 1003 2918 Primo,
1028 2837 1109 2921 quod
1130 2845 1197 2922 ipse

55 2943 215 3026 parochus,
240 2943 310 3004 dum
333 2949 397 3004 arat
420 2948 450 3004 in
472 2944 588 3026 publiea
606 2941 741 3006 Civitatis
760 2941 914 3028 Vigilians.
939 2943 1047 3027 platea,
1072 2947 1196 3004 vocatus

57 3047 113 3107 init
136 3066 153 3107 a
176 3043 299 3108 Nicolae
322 3045 452 3109 Seldane
475 3049 530 3110 snb
553 3048 691 3124 obtentu,
717 3047 796 3128 quod
820 3047 886 3129 ejus
908 3052 1009 3128 pater,
1033 3050 1083 3128 qui
1106 3064 1123 3106 e
1147 3043 1196 3108 ia-

55 3150 139 3212 brica
163 3148 289 3228 quadam
313 3148 459 3211 cecidisse
489 3149 659 3228 dicebatur,
693 3149 914 3214 cenfessionem
938 3147 1192 3226 sacramentalem,

55 3257 189 3313 instante
211 3257 316 3314 mortis
339 3253 481 3332 periculo,
508 3253 606 3316 iacere
629 3251 756 3316 volcbal.

143 3349 298 3431 Secundo,
334 3353 414 3436 quod
446 3355 567 3419 demum
601 3361 757 3440 ingressus
791 3359 905 3418 invenit
936 3353 1051 3418 Nicoi·
1086 3353 1193 3416 iratres

54 3462 146 3520 armis
169 3462 295 3538 stipatos
319 3465 348 3518 et
378 3464 409 3521 in
432 3457 560 3542 quodam
589 3459 717 3522 obscure
745 3458 882 3522 cubiculo
905 3457 1036 3521 Marcum
1060 3453 1191 3520 Brunum

56 3561 256 3636 vulneratum,
281 3567 311 3623 at
333 3567 480 3646 sanguine
505 3563 636 3646 undique
660 3570 799 3626 anananta
821 3567 1024 3642 conspersum.

142 3661 244 3730 Tertio
252 3711 262 3742 ,
285 3665 365 3748 quod
388 3665 488 3736 Marce
513 3667 611 3732 Bruno
634 3665 810 3748 implorante
833 3664 952 3747 parochi
975 3663 1135 3744 auxilium,
1161 3672 1191 3728 et

53 3776 236 3852 exponente,
259 3787 292 3830 sc
316 3770 409 3833 luisse
432 3771 543 3852 injuste
565 3769 739 3834 vulneribus
762 3768 947 3847 confessum,
972 3767 1111 3832 Nicolaus
1132 3774 1190 3850 ipsi

55 3937 263 3946 *affl-..2

80 4027 101 4094 ¹)
120 4026 242 4079 Thamar.
261 4027 334 4079 recol.
355 4034 411 4078 tem.
434 4025 472 4078 li.
491 4041 567 4076 causa
586 4023 737 4077 Lueeerens.
758 4041 781 4102 p.
801 4023 843 4088 ir,
863 4023 903 4086 18,
926 4022 966 4075 le.
1052 4027 1056 4036 '
