2758 4664
197 225 261 296 236
540 243 578 298 Ito
595 239 685 297 Gnosis
702 239 937 298 matrimonialibus.

197 472 303 552 ll.lie
322 471 631 550 roraliiatlore
650 473 896 550 matrimonii
912 470 1096 548 irrtllle
1117 473 1327 549 contracti

713 651 741 720 ς.
766 642 817 710 61.

397 777 425 848 1)
444 777 498 840 Ob
514 777 691 840 defectum
707 777 905 838 naturalem
922 792 1124 839 consensus.

281 920 303 982 l.
326 917 548 982 Matrimonium
570 918 733 984 invalidum
759 937 827 981 esse
849 923 948 999 potest
981 921 1012 997 1)
1036 920 1074 982 ob
1097 919 1254 983 detectum
1278 941 1330 984 na-

196 1025 322 1088 turalem
345 1039 528 1102 consensus,
556 1021 591 1101 2)
615 1021 653 1084 ob
676 1022 825 1084 delectum
849 1022 962 1084 formae
989 1027 1208 1104 praescriptae,
1240 1022 1274 1099 3)
1296 1025 1331 1087 ob

195 1126 410 1192 inhabilitatem
434 1129 568 1205 partium.
594 1161 635 1172 -
658 1125 692 1188 ln
714 1143 785 1188 oasu
809 1129 905 1206 primo
928 1132 1043 1190 certum
1065 1134 1129 1189 est:
1168 1128 1200 1207 1)
1226 1131 1330 1190 matri-

196 1235 328 1295 monium
351 1229 515 1292 invalidum
537 1228 576 1291 ob
597 1229 694 1292 solum
710 1227 860 1290 delectum
884 1229 1048 1292 naturalem
1066 1248 1247 1308 consensus
1272 1235 1331 1293 sci-

194 1335 265 1397 lioet
286 1337 313 1396 sl
335 1335 557 1395 matrimonium
581 1349 620 1394 ex
642 1349 756 1410 errore,
780 1336 832 1393 aut
854 1349 907 1411 per
929 1337 990 1393 vim
1013 1338 1044 1394 et
1066 1339 1179 1396 metum
1203 1339 1258 1395 out
1281 1351 1331 1413 per

194 1436 414 1500 simulationem
436 1439 543 1497 initum
567 1433 667 1513 inerit,
689 1435 849 1498 revalidnrl
872 1451 962 1514 posse
987 1452 1040 1515 per
1062 1437 1231 1517 simplicem
1255 1455 1332 1498 eon-

193 1557 302 1604 sensus
315 1543 377 1604 veri
401 1542 598 1620 positionem
619 1538 655 1614 2)
677 1541 790 1620 requiri
812 1543 1038 1601 renovationem
1063 1557 1231 1602 consensus
1255 1545 1332 1602 utri-

195 1662 292 1725 usque
315 1647 416 1725 pnrtis,
441 1646 466 1706 si
486 1647 611 1723 utraque
632 1659 693 1703 non
712 1659 785 1704 vere
807 1645 974 1718 consensit3
998 1648 1027 1704 et
1044 1643 1148 1706 saltem
1167 1643 1260 1721 illius,
1283 1648 1330 1725 qui

201 1767 262 1811 non
284 1750 452 1826 consensit,
475 1750 502 1808 st
525 1749 631 1808 unicus
653 1750 701 1808 sit.

282 1849 317 1910 ll.
341 1849 590 1926 controvertitur,
614 1867 651 1911 an
670 1865 836 1912 cousensus
859 1850 896 1911 ab
911 1854 1038 1930 utroque
1054 1849 1161 1912 debeat
1181 1855 1329 1928 renovari,

194 1959 220 2018 si
243 1969 321 2016 unus
343 1958 458 2014 tuntum
480 1952 550 2014 fiota
572 1951 621 2013 vel
643 1957 747 2014 eoaote
770 1956 968 2016 consenserit.
992 1987 1035 1999 -
1064 1953 1160 2015 Prima
1185 1959 1331 2017 sententia

194 2056 331 2120 affirmat.
354 2055 441 2118 Ratio
463 2055 551 2137 hujus
573 2060 740 2119 sententiae
762 2063 808 2118 est
834 2055 866 2128 1)
880 2059 960 2136 qrria,
983 2073 1050 2116 oum
1076 2056 1176 2118 nullus
1198 2073 1239 2120 eo
1262 2075 1331 2118 casu

194 2165 366 2222 constructus
381 2158 480 2238 luerit,
504 2157 664 2220 deficiente
686 2163 970 2222 consensnfmetum
994 2163 1072 2238 passi
1089 2160 1139 2220 vel
1162 2159 1232 2221 iiote
1255 2177 1330 2222 oon-

193 2267 360 2340 sentienils,
384 2263 482 2350 nullus
505 2266 593 2325 etiarn
617 2263 672 2324 luit
689 2279 855 2326 consensus
878 2261 1014 2338 alterius3
1037 2261 1072 2337 2)
1088 2262 1228 2324 Clemens
1247 2261 1330 2340 Vlll,

121 2391 124 2398 ·
160 2438 163 2445 ,
193 2385 292 2449 aquo
314 2384 404 2446 super
426 2366 536 2428 haere
559 2366 717 2428 eonsilium
749 2369 872 2446 petitum
897 2365 967 2441 fuit,
1000 2365 1177 2445 expendens
1203 2369 1332 2447 primurn

192 2471 276 2534 illum
290 2487 470 2533 consensum
486 2472 665 2549 pertinuisse
683 2469 720 2530 nd
733 2472 896 2546 materiam,
919 2485 1016 2549 neque
1034 2468 1214 2552 legitimam,
1235 2488 1333 2551 neque

191 2573 340 2649 idoneam,
363 2573 519 2653 respondit
540 2589 594 2652 pro
613 2576 793 2634 matrimonii
815 2572 1044 2633 confirmatione
1066 2589 1178 2634 novum
1196 2590 1333 2638 consen-

192 2695 259 2740 sum
286 2677 322 2739 ab
345 2681 473 2756 utroque
501 2676 633 2758 conjuge
658 2691 728 2736 esse
750 2674 958 2754 tribuendum,
990 2675 1026 2738 ab
1055 2693 1093 2738 eo
1123 2693 1252 2756 nempe,
1285 2681 1332 2755 qui

193 2785 415 2844 nratrimonium
446 2797 500 2861 per
528 2783 589 2839 vim
620 2781 782 2854 contraxit,
815 2783 846 2840 et
873 2777 962 2840 simul
991 2777 1028 2841 ab
1055 2777 1165 2854 altero,
1195 2783 1249 2859 qui
1272 2784 1331 2840 vim

192 2884 342 2968 ejusmodi
369 2887 514 2966 ignoraus
542 2883 621 2945 ultro
643 2901 679 2946 ao
700 2883 828 2944 libenter
850 2881 957 2944 eodem
988 2897 1022 2942 se
1045 2885 1238 2944 matrimonio
1267 2882 1332 2943 illi-

191 2991 282 3071 gnvtt.
328 2985 454 3067 insuper
484 2986 600 3069 adjecta
628 2987 746 3050 suiten
775 2986 927 3064 conditio,
958 2989 991 3047 nt
1019 2989 1159 3062 maritus,
1190 2988 1243 3065 qui
1269 2987 1330 3068 jum

192 3091 286 3154 libere
309 3095 516 3169 consenserat,
541 3093 623 3171 prius
641 3095 825 3166 moneretur,
848 3092 966 3150 irritum
991 3086 1083 3150 luisse
1094 3092 1329 3168 matrimonium,

192 3211 230 3256 eo
253 3193 334 3274 quod
357 3211 434 3256 uxor
455 3192 492 3256 ad
515 3192 739 3256 assentiendum
769 3199 869 3256 coacta
894 3191 1001 3270 luerit,
1034 3207 1102 3252 cum
1127 3195 1224 3270 primo
1247 3191 1332 3255 cele-

82 3288 86 3294 *
194 3295 299 3360 braiao
320 3304 389 3360 sunt
411 3295 579 3378 nuptiao.¹)

278 3399 415 3466 Secunda
437 3407 539 3464 tamen
561 3403 709 3464 sententio
724 3399 821 3476 docet,
846 3397 997 3479 sufficere,
1022 3395 1101 3478 qood
1124 3402 1240 3460 tantum
1263 3397 1331 3461 ficte

192 3507 386 3567 consentiens
413 3505 463 3567 vel
492 3511 604 3566 metum
633 3519 739 3584 possus
766 3521 853 3565 suurn
883 3505 974 3582 ponat
1003 3517 1199 3580 consensum,
1235 3519 1331 3584 eaque

195 3627 401 3638 -n--n—

222 3680 461 3749 ¹)lloc1’ontilicis
485 3697 634 3750 responsum
654 3680 795 3732 Comitatus
818 3678 872 3742 (lib.
898 3677 921 3730 1.
945 3693 1012 3746 resp.
1031 3678 1116 3730 lloral.
1142 3687 1242 3748 quaest.
1269 3680 1329 3745 120)

261 3785 292 3820 ac
308 3768 400 3820 Pontus
419 3767 464 3833 (de
481 3769 588 3819 matrim.
606 3767 649 3818 lib.
660 3768 684 3818 1.
702 3783 724 3818 c.
736 3767 778 3818 2t.
796 3783 822 3817 n.
841 3767 878 3831 1.)
896 3765 952 3816 tuse
969 3772 1175 3816 commemorant.
1193 3793 1229 3803 -
1247 3763 1330 3815 Rene-

261 3854 343 3906 dictus
360 3853 426 3906 xlv.
449 3853 529 3905 instit.
554 3853 643 3905 eccles.
665 3853 706 3904 87.
732 3855 756 3918 ς.
774 3851 916 3918 Difficilius
939 3869 967 3902 se
988 3869 1031 3902 res
1054 3851 1139 3903 babet.
1175 3849 1328 3920 Schmalugr.

262 3943 297 3993 tit.
317 3941 357 3993 to.
375 3957 399 3993 n.
419 3940 479 3993 268.
498 3937 667 3992 Reiffenstuol.
686 3937 794 4007 append.
813 3953 838 3988 n.
857 3940 915 3990 607.
933 3937 1049 3994 instruct.
1068 3945 1133 4010 post.
1145 3937 1216 4008 Eyst.
1236 3955 1260 4011 p.
1272 3939 1329 3994 3³5.

263 4025 361 4098 llnopp.
