2758 4664
298 229 535 295 &impedimentis
554 229 738 278 niammonium
758 226 939 280 dirimentibus.
1142 205 1199 274 167

63 395 94 450 ut
118 389 212 450 libere
236 389 440 450 consentirent
461 389 493 446 in
515 389 633 463 nuptias
656 405 724 445 rum
748 389 809 445 suis
824 384 994 464 raptoribus
1016 381 1201 445 contraben-

62 493 134 566 daS,
166 497 235 572 quia
266 507 431 552 consensus
461 493 518 550 istc
540 488 691 550 blanditiis
709 494 765 556 ,aut
787 493 875 550 minis
898 507 914 549 a
937 485 1106 566 raptoribus
1128 490 1201 565 ipsls

62 594 309 674 praesumebatur
331 591 516 656 emortuali
560 591 646 652 Unde
669 597 769 670 patet,
803 591 871 673 lege
895 590 974 650 civili
998 589 1070 650 olim
1092 588 1201 670 hujus-

62 699 144 760 modi
167 699 310 778 conjugia
335 699 452 774 penitus
475 699 589 755 irritata
612 694 719 756 fuisse.
745 693 961 773 qualiscunque
983 690 1103 752 tandem
1127 707 1202 768 rap-

61 809 158 862 tarum
179 817 349 861 consensus
372 794 597 872 accessisset.²)
627 797 717 859 Pleno
741 803 839 858 autem
864 795 932 856 huie
953 797 1046 876 rigori
1071 809 1201 854 canones

61 905 210 965 ecclesiae
241 903 289 963 vel
318 919 466 980 iiunqnam
496 903 544 961 vel
573 919 635 962 non
662 901 713 962 diu
742 899 891 979 astipulati
919 901 1006 974 sunt,
1044 901 1077 956 ut
1104 893 1200 956 videri

63 1012 165 1086 potest
197 1024 236 1066 ex
263 1002 420 1081 Gratiana,
454 1009 505 1084 qui
533 1009 564 1066 in
594 1024 619 1066 c.
645 1002 675 1066 ti.
700 1007 728 1065 i.
752 1000 800 1080 8.,
830 1019 910 1065 caus.
935 997 988 1064 sii.
1019 1003 1134 1079 quaest.
1157 997 1199 1076 2.,

61 1113 200 1190 quamvis
232 1111 574 1168 excommunicationem
610 1113 746 1185 raptores
781 1105 931 1170 obnoxios
960 1125 1029 1170 esse
1059 1109 1200 1182 declarat,

60 1215 279 1291 poenitentiam
302 1215 402 1271 tamen
419 1209 547 1292 admittit
570 1227 679 1290 neque,
702 1209 907 1272 satisfactione
929 1216 1058 1290 peraeta,
1081 1227 1202 1272 omnem

55 1334 141 1394 spem
179 1318 362 1375 matrimonii
399 1331 465 1374 cnm
499 1319 580 1392 rapta
611 1313 722 1375 adimit,
767 1311 854 1374 Ratio
883 1312 971 1394 hujus
1004 1318 1202 1396 mitigationis

57 1417 163 1495 procul
185 1416 275 1478 dubio
292 1423 356 1479 erat
374 1417 551 1497 justissima,
570 1418 694 1488 scilicet,
712 1417 780 1493 quia
799 1415 973 1496 plerumque
987 1417 1085 1478 bonor
1099 1421 1201 1496 raptae

55 1521 176 1600 puellae
193 1521 290 1592 aliter,
309 1538 396 1598 quam
413 1523 603 1580 matrimonio
622 1518 823 1597 subsequente
839 1525 983 1598 reparari,
1006 1527 1095 1601 atque
1110 1523 1201 1582 etiam

53 1628 232 1686 inimicitiae
252 1641 306 1702 per
324 1629 438 1702 raptum
455 1627 534 1684 inter
553 1621 679 1683 familias
695 1625 820 1680 exortae
837 1622 935 1684 sedari
952 1641 1012 1685 non
1030 1629 1163 1703 possent.
1172 1620 1200 1699 ³)

57 1727 188 1789 Saeculo
214 1725 372 1786 undecimo
396 1733 426 1784 et
449 1724 644 1804 sequentibus
674 1727 754 1783 inter
776 1739 881 1784 omnes
905 1733 1038 1805 constat,
1070 1725 1201 1806 impedi-

56 1835 192 1890 mentum
225 1828 281 1888 lioc
310 1843 446 1906 eousque
475 1827 640 1888 relaxatum
669 1825 778 1899 fuisse,
810 1831 843 1886 ut
871 1835 1003 1890 cessaret
1031 1847 1099 1890 esse
1123 1830 1201 1910 juris

54 1933 181 2012 publici,
216 1937 307 2012 atque
336 1934 558 1992 matrimonium
587 1933 666 1989 inter
694 1934 843 2007 raptorem
872 1936 904 1992 et
926 1937 1038 2011 raptam
1068 1930 1200 1994 validum

55 2037 235 2106 baberetur,
269 2034 358 2094 modo
391 2051 558 2094 consensus
590 2037 692 2110 raptae
723 2036 952 2108 intervenisset3
986 2035 1199 2115 responditque

55 2140 257 2200 conformiter
279 2137 314 2198 ad
337 2136 413 2198 hanc
436 2133 622 2214 disciplinam
641 2135 833 2196 innocentius
850 2134 899 2194 lll.
923 2139 953 2196 in
977 2155 1040 2216 cap.
1054 2136 1082 2200 7.
1099 2137 1148 2198 lib.
1165 2136 1199 2200 V.

56 2247 98 2304 tit.
127 2241 183 2301 li:
218 2239 334 2320 „Rapta
356 2239 453 2318 puella
477 2239 612 2321 legitime
635 2236 792 2299 contrahet
815 2257 881 2299 cum
904 2244 1041 2320 raptore,
1070 2245 1095 2300 si
1118 2244 1213 2319 prior¹

55 2345 207 2405 dissensio
231 2347 363 2403 transeat
386 2341 573 2420 postmodum
597 2345 627 2402 in
651 2359 850 2413 consensum3
882 2348 912 2400 et
935 2342 1015 2421 quod
1038 2347 1107 2404 ante
1131 2341 1198 2402 dis-

55 2447 170 2526 plicuit.
197 2445 318 2506 tandem
340 2448 464 2522 incipiat
488 2443 683 2522 complacere¹
707 2445 845 2523 Denique
869 2443 959 2507 Cone.
979 2445 1196 2523 Tridentinum,

55 2553 217 2610 insistente
241 2547 348 2609 Garolo
372 2545 421 2606 lX.
452 2563 526 2628 rege
549 2545 675 2620 Galliae,
704 2545 743 2607 ob
772 2546 875 2607 erebra
906 2547 1044 2610 scandala
1074 2565 1113 2607 ex
1142 2547 1198 2609 hac

56 2655 207 2714 clemente
230 2649 384 2729 disciplina
407 2648 445 2708 de
462 2647 516 2710 hac
533 2667 566 2710 re
590 2667 643 2729 per
661 2650 802 2712 malitiam
820 2647 978 2712 humanam
995 2650 1195 2728 obvenientia,

55 2757 113 2818 lioc
134 2753 382 2834 impedimentum
406 2752 441 2813 ad
463 2753 494 2812 id
518 2753 651 2836 redegit,
685 2759 717 2814 ut
739 2759 817 2814 inter
839 2759 990 2834 raptorem
1019 2757 1049 2812 et
1071 2757 1195 2832 raptam,

57 2857 200 2939 quamdiu
223 2829 287 2936 lpsa
308 2860 340 2916 in
363 2861 511 2936 potestate
535 2860 662 2935 raptoris
681 2862 835 2936 manserit,
860 2858 972 2919 nullum
996 2862 1097 2936 posset
1119 2874 1198 2918 con·
1230 2883 1233 2890 ·

58 2969 169 3024 sistere
193 2956 469 3036 matrimonium,⁴)
493 2958 572 3019 unde
596 2965 687 3039 patet,
712 2966 810 3040 patres
834 2979 857 3022 s.
883 2959 1010 3040 Synodi,
1036 2963 1197 3039 sapientis-

57 3071 133 3127 sime
159 3064 286 3125 mediam
305 3067 441 3124 semitam
458 3067 607 3138 tenentes,
632 3080 743 3123 novum
760 3063 917 3124 induxisse
938 3063 1195 3144 impedimentum,

57 3190 73 3230 a
98 3171 170 3248 pure
193 3165 395 3227 Decretalinm
424 3183 484 3226 non
515 3169 614 3225 rninus
644 3165 807 3242 recedens,
838 3185 966 3246 quama
996 3170 1090 3228 nimio
1119 3167 1197 3249 legis

57 3272 156 3331 civilis
179 3274 290 3351 rigore.

145 3373 181 3435 ll.
207 3373 244 3433 Ut
267 3373 344 3434 bene
366 3371 553 3454 intelligatur
575 3371 631 3433 boc
653 3371 908 3451 impedimentum,
932 3375 1019 3432 sicuti
1042 3361 1196 3432 delinitum

58 3485 101 3540 est
126 3499 143 3540 a
168 3476 258 3538 Cone.
285 3475 427 3549 Trident,
450 3473 523 3536 haec
547 3480 616 3535 sunt
638 3473 919 3536 animadvertenda:

58 3605 242 3617 W

86 3659 108 3722 ¹)
127 3659 145 3708 l.
160 3657 181 3706 l.
201 3654 261 3706 Ood.
275 3651 397 3702 Theodos.
410 3649 436 3700 L.
456 3653 520 3702 unic.
539 3653 571 3704 de
590 3660 661 3718 raptu
680 3654 742 3721 virg.
762 3653 777 3702 l.
797 3654 836 3703 54,
857 3651 912 3702 cod.
931 3651 962 3702 de
980 3653 1057 3718 episc.
1076 3659 1101 3702 et
1113 3653 1196 3711 cleric.

85 3747 108 3812 2)
126 3741 224 3794 Novell.
246 3741 302 3792 ite.
324 3739 379 3790 iso.

85 3831 106 3896 ³)
128 3828 189 3880 Can.
203 3828 226 3877 8.
239 3825 356 3876 tribuitur
374 3841 394 3874 s.
409 3823 575 3887 Hieronyn103
594 3822 637 3872 sed
657 3821 810 3888 probabilius
829 3838 950 3886 erronee3
969 3821 1016 3872 hoc
1036 3830 1117 3874 tamen
1136 3840 1195 3876 cer-

128 3924 181 3964 tum
201 3921 253 3974 est,
268 3911 322 3976 jam
342 3919 399 3960 ante
418 3908 564 3960 Gratianum
583 3909 774 3960 clementiorem
793 3907 933 3960 revaluisse
951 3907 1117 3974 disciplinam.

88 4001 112 4068 4)
130 3999 197 4052 Sese.
215 3997 257 4050 it.
277 4011 332 4064 cap.
353 3998 377 4048 e.
397 3995 429 4044 de
446 3993 547 4046 reform.
565 4001 637 4045 matr.
