2758 4664
438 203 476 258 os
494 202 583 260 &usis
601 201 833 260 matrimonialibus.
1158 187 1222 256 213
1274 234 1278 255 .

77 368 291 444 pensationem
310 362 386 448 ltegt
405 363 577 428 Lusitaniae
600 361 693 424 inisse
715 379 889 426 concessam
913 362 950 425 ab
972 361 1146 430 Alexandro
1161 361 1221 444 Vl,

77 471 109 530 et
133 471 252 530 tertiam
276 467 406 530 llenrico
428 465 524 542 Vlll.,
554 464 630 549 Regi
652 464 798 550 Angites,
831 465 1058 528 adducendam
1083 464 1223 530 Cathari-

76 589 159 648 nam,
183 569 283 634 fratris
305 575 350 634 sui
374 568 507 632 defuncti
531 587 656 631 uxorem
679 587 696 630 a
718 567 798 631 lulio
818 568 852 630 ll.
890 567 984 642 Onam
1007 585 1099 653 aegre
1123 577 1223 634 tamen

77 679 187 752 priscis
217 673 400 754 temporibus
427 671 595 754 hujusmodi
625 671 864 752 dispensationes
892 691 909 734 a
938 689 1056 735 surnmo
1079 671 1221 736 Pontitice

77 795 243 840 concessae
265 777 386 854 luerint,
410 795 450 838 ex
465 774 522 838 boc
545 774 723 851 ostenditur,
746 773 826 856 quod
851 773 916 836 talis
937 779 1044 860 gratia,
1069 792 1108 837 no
1130 794 1222 840 scan-

76 881 178 944 dalum
202 885 333 944 oriretur
360 884 391 940 tn
414 879 543 960 populo,
573 877 629 940 luit
651 897 668 940 a
691 877 845 940 Clemente
870 873 944 942 Vllt.
975 877 1122 962 denegata
1143 881 1224 962 Regi

75 985 224 1046 Potonice
250 983 287 1044 ad
317 979 553 1045 contrahendum
583 985 804 1044 matrimonium
836 998 904 1043 cum
935 980 1092 1044 deiunctae
1116 990 1220 1048 uxoris

74 1105 195 1165 sorore,
206 1085 419 1150 Archiducissa
431 1085 583 1162 nustriae,
598 1083 669 1146 licet
686 1083 766 1148 illam
784 1089 888 1164 postea
900 1084 1219 1154 concessanuntii.

76 1190 107 1256 2.
131 1190 210 1271 Sept.
239 1189 335 1264 lb'053
365 1194 579 1250 enumerantur
601 1186 722 1268 quictem
752 1187 801 1248 alii
830 1187 945 1250 sirrriles
975 1207 1062 1252 casus
1085 1189 1122 1252 ab
1145 1209 1221 1258 auc.-

77 1294 193 1358 tortbus
222 1311 317 1374 usque
347 1292 383 1354 ad
413 1290 563 1354 saeculum
595 1290 742 1352 decimum
771 1293 928 1368 octavum,
957 1290 1011 1354 sed
1041 1309 1100 1354 non
1130 1311 1222 1374 super

79 1397 188 1460 docem
212 1397 261 1460 vel
283 1395 456 1472 duodecim,
481 1400 511 1456 et
531 1410 638 1456 omnes
661 1411 729 1456 cum
752 1392 935 1476 principibus
957 1399 988 1454 et
1010 1393 1158 1458 nobilibus
1181 1415 1222 1459 ex

80 1517 171 1562 causa
195 1499 323 1581 publica,
347 1498 397 1562 rel
410 1501 494 1580 quasi
512 1495 644 1576 publiea3
667 1501 739 1578 quin
756 1501 845 1560 etiarn
864 1495 977 1558 saeculi
995 1497 1103 1560 deciani
1121 1505 1220 1564 octavi

77 1608 166 1684 parte
197 1606 354 1683 posteriori
377 1607 410 1664 in
433 1600 533 1662 multis
561 1599 697 1674 casibus,
729 1603 866 1681 quanivis
894 1617 1003 1684 graves
1026 1620 1134 1666 causae
1162 1605 1220 1674 ed-

76 1706 189 1768 duotae
206 1711 304 1781 erant,
328 1705 401 1766 tales
416 1704 656 1784 dispensationes
671 1702 835 1788 denegatae
859 1718 927 1765 esse
942 1703 1081 1788 legimus.
1093 1704 1119 1784 ¹)
1144 1707 1219 1774 Hinc

75 1808 146 1872 Pius
165 1806 238 1885 Vll.‚
263 1807 434 1871 admonitus
457 1807 494 1868 de
518 1811 607 1869 nimia
633 1806 734 1870 talium
758 1805 1013 1888 dispensationum
1037 1807 1218 1890 frequentia,

76 1911 140 1992 iam
171 1910 365 1985 moribundus
392 1909 576 1974 cardinalem
600 1909 801 1972 Prodatarium
830 1907 940 1974 dicitur
965 1910 1058 1976 adse
1085 1918 1219 1984 arcessi-

74 2019 168 2094 risse,
192 2013 345 2092 mandens,
371 2018 449 2076 utin
470 2013 555 2076 bisce
573 2011 845 2094 dispensationibus
861 2029 895 2074 sc
911 2010 1110 2078 difficiliorem
1128 2035 1218 2098 prae,-

77 2118 176 2196 beret,
200 2122 230 2178 et
253 2117 417 2203 Gregorius
435 2117 510 2181 xvi.
533 2121 565 2178 in
586 2115 788 2200 Chirograpbo
812 2115 863 2178 ai.
886 2115 1048 2181 Novembr.
1075 2117 1156 2186 1836
1180 2121 1218 2188 ad

73 2220 280 2286 Prodatarium
299 2220 331 2282 C.
346 2220 436 2282 Pacca
459 2238 568 2304 magno
592 2239 659 2282 curn
684 2219 788 2282 dolore
810 2224 993 2302 conquestus
1016 2225 1063 2284 est
1085 2222 1123 2286 do
1146 2243 1239 2300 cra--¹

72 2323 224 2390 brionibus
250 2323 521 2404 dispensationibus
549 2328 580 2384 in
605 2328 748 2404 proximis
775 2327 1042 2408 consanguinitatis
1071 2327 1215 2410 gradibus

71 2433 103 2490 cl
125 2428 268 2508 inprimis
296 2429 449 2508 imprimo
471 2425 636 2508 affinitatis
657 2427 777 2506 produ,
807 2444 841 2488 ac
871 2431 981 2487 tirnens
1008 2443 1046 2488 nu
1070 2429 1213 2495 relaxatio

72 2548 113 2590 ex
137 2533 226 2590 nimie
251 2528 435 2614 benignitate
452 2535 554 2592 oriens
570 2529 739 2592 destrueret
761 2534 894 2591 sarrctom
911 2528 1108 2610 disciplinam,
1133 2525 1211 2612 quae

71 2638 244 2696 necessaria
267 2639 313 2695 est
335 2634 378 2695 od
390 2635 584 2696 sanctitatem
596 2631 793 2696 Sacranrcnti
812 2638 842 2694 et
855 2631 898 2693 od
911 2632 1098 2696 servandum
1114 2631 1213 2698 tone-

72 2743 186 2797 stotem
214 2742 243 2798 et
267 2755 377 2818 poccm
405 2735 545 2816 [omiliae
566 2743 596 2798 ct
613 2735 770 2822 pubiicum
798 2735 945 2809 salutem,
975 2733 1150 2815 declaravit,
1182 2743 1213 2803 ln

71 2837 129 2900 bac
151 2843 293 2919 materia,
322 2843 498 2921 inquantum
521 2839 585 2904 lieri
609 2844 721 2924 potest,
754 2839 947 2902 restauranda
970 2856 1038 2902 essa
1068 2845 1214 2923 principia

69 2961 87 3004 a
108 2940 141 3006 S.
166 2943 256 3007 Cone.
281 2941 360 3008 Trid.
384 2944 542 3023 inculcata,
567 2960 665 3026 neque
686 2943 770 3024 alios,
793 2961 883 3024 quam
905 2943 1074 3008 monnicae
1096 2964 1213 3010 cossam

141 3197 282 3254 Concilium
299 3197 492 3254 Constantienso
508 3197 692 3264 conduxerant,
710 3201 735 3253 in
754 3197 781 3251 id
799 3213 888 3252 omnes
902 3201 1070 3264 consensisse,
1089 3201 1213 3270 ejusmodi

138 3304 193 3338 rem
213 3303 269 3338 eam
288 3301 359 3350 esse,
382 3288 408 3338 in
427 3301 503 3356 quam
521 3285 623 3340 caderet
641 3285 802 3356 dispensatio.
837 3284 953 3358 [ternique
971 3283 1002 3338 ab
1020 3285 1152 3358 Episcopis
1170 3307 1213 3344 re·

137 3374 223 3443 gionis
246 3375 324 3440 ipsius
348 3373 497 3426 affirmatum
515 3375 718 3424 constantissime
736 3370 784 3422 sibi
809 3372 903 3433 luisse,
927 3387 978 3424 non
998 3373 1083 3426 utilem
1108 3384 1212 3442 tantum,

139 3458 187 3511 sed
205 3468 230 3511 et
248 3463 462 3526 pernecessariam
480 3458 535 3512 iore
554 3475 609 3510 cam
621 3455 751 3510 Cauonurn
767 3457 955 3516 relaxationem,
973 3457 1045 3510 bellis
1058 3463 1213 3515 iunnrneris-

139 3561 190 3614 qao
213 3545 286 3598 malis
311 3545 365 3597 aliis
390 3547 588 3614 praeveniendis.
623 3545 778 3598 Thonrassin.
802 3543 903 3612 Discipt.
928 3542 997 3598 Eocl.
1024 3545 1076 3598 Vct.
1101 3553 1126 3598 et
1149 3548 1212 3602 lion.

140 3631 242 3700 Discipl.
267 3649 292 3698 p.
317 3631 348 3682 li.
378 3631 394 3684 l.
419 3631 463 3684 lll.
491 3647 513 3684 c.
539 3632 580 3684 28.
605 3647 629 3684 n.
658 3631 697 3686 10.
723 3659 757 3670 -
781 3629 814 3682 cl.
836 3630 956 3682 Thesaur.
981 3630 1055 3684 rasol.
1080 3632 1105 3686 S.
1130 3631 1157 3688 G.
1184 3633 1212 3688 0.

139 3725 200 3768 tom.
220 3719 261 3771 to.
284 3735 309 3786 p.
329 3717 387 3769 268.

100 3803 122 3870 ¹)
141 3803 167 3856 S.
191 3801 219 3856 O.
245 3802 274 3856 G.
303 3801 410 3854 similem
435 3801 650 3872 dispensationem
678 3801 853 3872 denegandam
881 3818 938 3856 essa
964 3805 1061 3856 censuit
1085 3805 1111 3855 in
1136 3803 1211 3860 Laod.

136 3887 251 3958 dispens.
271 3891 312 3944 10.
333 3888 393 3954 llaji
418 3889 497 3951 1755,
523 3891 550 3942 in
568 3888 672 3945 Pinnen.
698 3891 740 4032 ici.
758 3890 816 3960 llaji
837 3889 916 3954 1756,
942 3897 967 3942 et
989 3891 1015 3940 iu
1040 3887 1118 3940 altera
1136 3887 1210 3947 Laod.

140 3977 182 4030 22.
202 3975 259 4042 ltaji
280 3977 354 4031 1761.
374 4005 404 4018 -
432 3974 689 4030 iteramnensis.
731 3977 785 4032 .G.
803 3984 862 4032 tom.
882 3977 923 4030 26.
941 3991 966 4046 p.
988 3975 1050 4040 iou,
1068 3975 1134 4040 268,
1152 3979 1211 4034 175.
