2736 4660
512 195 594 250 Gerus
612 193 818 253 matrimoniales.
1156 176 1219 248 339

82 351 201 420 meins
222 352 380 436 regularis,
403 353 618 418 consideranda
642 358 728 434 ratio,
752 371 811 436 qua
834 355 906 416 moti
921 351 1043 416 fuerunt
1064 345 1142 416 sacri
1165 370 1221 415 ca-

82 473 181 520 nones
203 454 240 518 ai
262 455 543 536 praescribendum,
575 463 608 520 ιιι
630 462 757 540 uterque
780 455 891 538 conjux
912 455 1090 540 religionem
1111 459 1220 542 ingre-

83 558 198 632 diatur;
221 563 245 620 si
269 562 349 622 enim
366 563 442 622 ratio
465 558 529 624 sola
552 565 634 622 esset
656 559 691 622 ad
709 557 859 638 effectum,
884 564 916 624 ut
931 563 1057 640 uterque
1074 558 1220 622 solemnia

83 667 155 726 ueta
177 665 328 724 emitteret
355 679 408 744 pro
437 661 630 726 dissolvendo
659 665 846 726 nratrimonic
876 666 1096 741 consummato,
1128 667 1158 724 et
1188 667 1221 724 ut

83 763 150 828 lieo
183 765 289 828 meins
322 771 486 845 servirent,
522 772 592 828 tunc
622 764 763 828 sulficere
793 764 947 826 videretur
977 765 1040 834 sola
1069 769 1220 846 susceptio

81 885 237 932 sacrorum
259 866 419 947 Ordinem,
443 869 557 950 absque
578 885 636 946 co,
660 868 738 950 quod
763 867 918 952 cogentius
941 874 1022 930 esset
1044 849 1217 950 religiosam

82 975 175 1034 vitain
205 971 358 1052 amplecti,
389 989 456 1034 cum
486 991 546 1034 non
576 976 673 1034 rninus
703 975 922 1036 matrimonium
958 969 1137 1036 dissolvatur
1165 987 1219 1050 per

83 1075 302 1154 professionem
334 1073 520 1156 regularem,
551 1092 639 1154 quam
664 1091 717 1154 per
745 1076 966 1152 susceptionem
989 1071 1143 1136 Ordinum.
1189 1071 1219 1136 Si

82 1181 182 1240 autent
207 1180 357 1255 potissima
388 1181 463 1242 ratio
495 1179 571 1260 legis
598 1181 679 1238 esset
701 1174 738 1238 ati
767 1174 904 1238 ellectum
935 1175 1111 1240 consulendi
1135 1178 1220 1258 peri-

82 1280 152 1342 culo
174 1283 410 1342 incontinentiae
434 1281 572 1362 ccmjugis
596 1281 715 1356 reclusi,
740 1283 769 1340 et
794 1287 825 1342 ιιι
847 1278 1089 1362 evagationibus
1113 1295 1219 1340 arcea-

84 1389 143 1464 tur,
168 1389 200 1446 ui
222 1385 347 1444 innuere
370 1381 488 1446 videtur
510 1389 610 1446 textus
633 1386 664 1442 in
687 1403 712 1442 c.
757 1383 829 1446 Cum
852 1385 905 1459 sis,
926 1387 958 1444 in
980 1400 1043 1462 cap.
1068 1380 1219 1444 Uxoratus

82 1491 113 1546 et
137 1491 167 1548 in
191 1503 254 1565 cap.
282 1484 318 1546 ad
341 1485 553 1566 Apostolieam,
579 1485 645 1548 aiod.
670 1491 730 1560 tlt.;
763 1491 792 1548 in
823 1484 876 1548 hac
899 1484 1055 1566 hypothesi
1079 1482 1219 1546 sulficere

83 1607 143 1652 non
166 1588 319 1650 videretur
340 1588 403 1650 sola
427 1592 578 1668 susceptio
601 1569 719 1652 Ordinis
743 1607 765 1652 s.
790 1593 820 1650 in
844 1593 907 1652 viro
932 1594 1071 1652 manente
1093 1593 1125 1650 in
1148 1603 1220 1650 sae-

84 1691 171 1768 cule,
195 1693 245 1770 qui
269 1707 328 1753 non
352 1695 397 1752 est
420 1695 450 1750 in
473 1691 559 1752 senili
584 1695 681 1752 aetate
704 1697 903 1768 constitutus,
927 1697 1035 1754 necin
1059 1710 1095 1754 eo
1119 1689 1220 1754 deficit

83 1797 216 1874 suspicio
245 1796 495 1859 incontinentiae,
526 1792 629 1856 Glossa
664 1798 693 1855 in
724 1813 749 1857 c.
780 1795 808 1860 2.
841 1795 878 1856 de
907 1795 1012 1858 Cierio.
1049 1793 1220 1877 conjugatis

83 1897 172 1960 dicit:
208 1897 440 1974 „Sequestratro
464 1901 627 1960 intensionis
650 1897 800 1974 cubiculo,
835 1905 864 1957 ct
887 1896 942 1960 hcc
972 1895 1126 1980 intelligo,
1153 1913 1219 1957 cum

83 2001 171 2064 ambo
195 2003 396 2080 processerint
418 2005 447 2060 in
472 1999 537 2060 dies
559 2019 644 2076 suos,
670 2007 702 2062 ut
724 2005 789 2064 sine
813 2005 894 2064 omni
911 2002 1083 2080 suspicione
1106 2002 1221 2080 possint

83 2107 243 2184 separatim
266 2119 403 2180 manere,
428 2103 501 2164 alias
524 2107 548 2164 si
568 2104 698 2182 Juvenes
721 2109 837 2182 essent,
869 2121 927 2169 non
951 2108 1073 2184 possent
1096 2118 1221 2182 prornc-

84 2209 160 2283 veri,
186 2210 241 2268 nisi
265 2209 375 2285 pariter
398 2205 434 2268 ad
457 2204 636 2287 religionem
661 2210 829 2270 transirent.

171 2309 323 2375 Praesenti
346 2313 568 2372 controversiae
591 2313 686 2390 aptari
702 2309 819 2371 videtur
841 2314 948 2391 unicus
970 2327 1057 2372 casus
1072 2311 1225 2388 antiquior

82 2415 114 2474 in
138 2411 297 2489 Periclem,
321 2408 349 2474 6.
373 2410 442 2492 iiaji
470 2409 559 2489 1645,
585 2415 615 2475 in
638 2429 709 2475 casu
731 2411 869 2491 praeced.
892 2415 1008 2476 citatus.
1128 2469 1133 2482 ,

171 2513 199 2580 S.
224 2513 272 2588 o,
296 2517 342 2576 cui
373 2514 493 2576 dubium
519 2518 703 2594 propositum
726 2521 769 2580 est
793 2514 842 2576 die
868 2514 915 2577 18.
939 2513 1019 2596 Sept.
1046 2512 1128 2580 irie
1150 2513 1221 2594 „An

84 2623 116 2678 et
139 2617 291 2698 quomodo
319 2622 417 2696 petitis
446 2622 484 2680 sii
508 2617 737 2698 annuendum“‚
770 2635 846 2698 resp.
876 2618 902 2682 d.
937 2617 983 2681 12.
1008 2617 1092 2680 Febr.
1125 2614 1221 2692 17293
1346 2679 1352 2686 .

83 2720 237 2800 „uticem
250 2717 284 2794 ¹).

171 2821 237 2886 Non
261 2829 340 2885 enim
363 2823 654 2886 sui'iiciensiortasse
677 2829 739 2888 viso
750 2830 795 2887 esi
817 2825 881 2888 sola
893 2825 1045 2904 susceptio
1068 2839 1221 2888 sacrorum

68 2926 224 2990 ,ordinum
254 2931 285 2990 in
319 2925 415 2990 adhuc
437 2927 563 2992 llorenie
594 2927 732 3008 homine,
764 2927 802 2990 ad
836 2926 954 2990 vitanda
987 2928 1223 2990 incontinentiae

86 3029 236 3111 pericula,
261 3049 300 3094 ex
324 3036 424 3092 mente
447 3035 510 3111 ipsa
533 3049 608 3096 sacr.
633 3048 799 3110 canonum,
834 3033 890 3092 nisi
914 3035 1048 3093 remotus
1069 3027 1106 3093 ab
1128 3027 1223 3094 acuis

86 3133 245 3198 simulacra
269 3132 484 3198 mundanarum
507 3151 606 3198 rerum
631 3138 728 3196 inania
752 3135 892 3218 fugitaret
915 3139 947 3196 in
970 3130 1151 3208 claustris¹).

533 3324 631 3389 Casu
637 3343 656 3400 s
678 3321 782 3388 XXVI.

141 3509 146 3518 .
173 3456 344 3536 sapuerat
361 3457 552 3520 neaemias
570 3457 615 3520 ad
631 3453 847 3520 matrimonii
864 3455 1139 3520 mmmmm

175 3599 285 3666 Rector
307 3599 391 3664 Gadii
419 3599 456 3660 de
484 3597 588 3677 Plano,
621 3599 784 3662 Comitatus
807 3599 1004 3662 Bononiensis
1032 3601 1064 3660 in
1086 3595 1226 3659 Dioecesi

88 3705 208 3770 Nullius
230 3703 427 3782 Nonantulae,
453 3703 579 3784 postulat
602 3701 757 3782 declarari,
782 3723 819 3766 an
843 3701 986 3784 quaedam
1009 3699 1101 3764 Maria
1116 3696 1227 3761 Catina-

119 3885 143 3951 1)
160 3881 233 3935 'linea
252 3881 326 3935 rocol.
344 3881 372 3936 G.
393 3881 530 3936 veronens.
549 3890 607 3934 torn.
626 3881 667 3934 lli.
686 3897 710 3948 p.
730 3881 790 3943 216,
808 3881 866 3932 261.

118 3971 143 4038 ⁸)
160 3967 281 4025 iiaaam.
299 3969 374 4036 remi.
393 3965 421 4022 0.
440 3969 540 4024 Barcin.
559 3977 618 4022 torn.
637 3968 678 4020 27.
698 3985 722 4036 p.
743 3965 801 4018 iae.

918 4037 920 4042 '
1012 4050 1074 4120 22*
