<?xml version="1.0" encoding="UTF-8"?>
<!DOCTYPE html PUBLIC "-//W3C//DTD XHTML 1.0 Transitional//EN"
    "http://www.w3.org/TR/xhtml1/DTD/xhtml1-transitional.dtd">
<html xmlns="http://www.w3.org/1999/xhtml" xml:lang="en" lang="en">
 <head>
  <title>
</title>
<meta http-equiv="Content-Type" content="text/html;charset=utf-8" />
  <meta name='ocr-system' content='tesseract 3.04.00' />
  <meta name='ocr-capabilities' content='ocr_page ocr_carea ocr_par ocr_line ocrx_word'/>
</head>
<body>
  <div class='ocr_page' id='page_1' title='image "./dematrimoniotra00heisgoog_0112.png"; bbox 0 0 2746 4646; ppageno 0'>
   <div class='ocr_carea' id='block_1_1' title="bbox 329 183 1217 274">
    <p class='ocr_par' dir='ltr' id='par_1_1' title="bbox 329 183 1217 274">
     <span class='ocr_line' id='line_1_1' title="bbox 329 183 1217 274; baseline 0.005 -30"><span class='ocrx_word' id='word_1_1' title='bbox 329 191 367 244; x_wconf 86' lang='lat' dir='ltr'><strong>De</strong></span> <span class='ocrx_word' id='word_1_2' title='bbox 384 193 570 274; x_wconf 72' lang='lat' dir='ltr'><strong>impedimentis</strong></span> <span class='ocrx_word' id='word_1_3' title='bbox 590 198 775 248; x_wconf 70' lang='lat' dir='ltr'><strong>matrimonium</strong></span> <span class='ocrx_word' id='word_1_4' title='bbox 793 195 998 254; x_wconf 53' lang='lat' dir='ltr'><strong>dirimentibus*</strong></span> <span class='ocrx_word' id='word_1_5' title='bbox 1176 183 1217 248; x_wconf 84' lang='grc'><strong>87</strong></span> 
     </span>
    </p>
   </div>
   <div class='ocr_carea' id='block_1_2' title="bbox 64 347 1259 3829">
    <p class='ocr_par' dir='ltr' id='par_1_2' title="bbox 70 347 1219 2174">
     <span class='ocr_line' id='line_1_2' title="bbox 76 347 1218 438; baseline 0.011 -28"><span class='ocrx_word' id='word_1_6' title='bbox 76 348 116 410; x_wconf 92' lang='lat' dir='ltr'><strong>de</strong></span> <span class='ocrx_word' id='word_1_7' title='bbox 139 347 197 412; x_wconf 89' lang='lat' dir='ltr'><strong>hcc</strong></span> <span class='ocrx_word' id='word_1_8' title='bbox 221 348 446 428; x_wconf 90' lang='lat' dir='ltr'><strong>impedimento,</strong></span> <span class='ocrx_word' id='word_1_9' title='bbox 471 349 630 416; x_wconf 88' lang='lat' dir='ltr'><strong>instructio</strong></span> <span class='ocrx_word' id='word_1_10' title='bbox 643 352 718 416; x_wconf 89' lang='lat' dir='ltr'><strong>Past.</strong></span> <span class='ocrx_word' id='word_1_11' title='bbox 732 351 814 434; x_wconf 79' lang='lat' dir='ltr'><strong>Eyst.</strong></span> <span class='ocrx_word' id='word_1_12' title='bbox 833 353 1065 436; x_wconf 85' lang='lat' dir='ltr'><strong>reeteinhihet,</strong></span> <span class='ocrx_word' id='word_1_13' title='bbox 1090 373 1129 420; x_wconf 90' lang='lat' dir='ltr'><strong>ne</strong></span> <span class='ocrx_word' id='word_1_14' title='bbox 1152 361 1218 438; x_wconf 88' lang='lat' dir='ltr'><strong>quis</strong></span> 
     </span>
     <span class='ocr_line' id='line_1_3' title="bbox 76 450 1219 541; baseline 0.01 -29"><span class='ocrx_word' id='word_1_15' title='bbox 76 450 275 530; x_wconf 79' lang='lat' dir='ltr'><strong>parochorum</strong></span> <span class='ocrx_word' id='word_1_16' title='bbox 294 456 462 513; x_wconf 79' lang='lat' dir='ltr'><strong>consentiat</strong></span> <span class='ocrx_word' id='word_1_17' title='bbox 478 456 509 514; x_wconf 93' lang='lat' dir='ltr'><strong>in</strong></span> <span class='ocrx_word' id='word_1_18' title='bbox 524 458 743 534; x_wconf 76' lang='lat' dir='ltr'><strong>separationem</strong></span> <span class='ocrx_word' id='word_1_19' title='bbox 762 455 956 538; x_wconf 82' lang='lat' dir='ltr'><strong>allegantium</strong></span> <span class='ocrx_word' id='word_1_20' title='bbox 971 455 1121 540; x_wconf 81' lang='lat' dir='ltr'><strong>deiectum</strong></span> <span class='ocrx_word' id='word_1_21' title='bbox 1138 479 1219 541; x_wconf 89' lang='lat' dir='ltr'><strong>qua-</strong></span> 
     </span>
     <span class='ocr_line' id='line_1_4' title="bbox 75 555 1217 637; baseline 0.01 -23"><span class='ocrx_word' id='word_1_22' title='bbox 75 555 168 615; x_wconf 86' lang='lat' dir='ltr'><strong>litatis</strong></span> <span class='ocrx_word' id='word_1_23' title='bbox 185 557 330 630; x_wconf 84' lang='lat' dir='ltr'><strong>intentae,</strong></span> <span class='ocrx_word' id='word_1_24' title='bbox 353 558 410 615; x_wconf 88' lang='lat' dir='ltr'><strong>nisi</strong></span> <span class='ocrx_word' id='word_1_25' title='bbox 434 573 524 618; x_wconf 90' lang='lat' dir='ltr'><strong>causa</strong></span> <span class='ocrx_word' id='word_1_26' title='bbox 547 561 586 618; x_wconf 89' lang='lat' dir='ltr'><strong>sit</strong></span> <span class='ocrx_word' id='word_1_27' title='bbox 602 557 699 622; x_wconf 90' lang='lat' dir='ltr'><strong>delata</strong></span> <span class='ocrx_word' id='word_1_28' title='bbox 721 557 758 619; x_wconf 90' lang='lat' dir='ltr'><strong>ad</strong></span> <span class='ocrx_word' id='word_1_29' title='bbox 775 557 954 637; x_wconf 84' lang='lat' dir='ltr'><strong>Episcopum</strong></span> <span class='ocrx_word' id='word_1_30' title='bbox 974 564 1076 621; x_wconf 90' lang='lat' dir='ltr'><strong>etrite</strong></span> <span class='ocrx_word' id='word_1_31' title='bbox 1099 568 1217 626; x_wconf 85' lang='lat' dir='ltr'><strong>exami-</strong></span> 
     </span>
     <span class='ocr_line' id='line_1_5' title="bbox 75 655 1216 746; baseline 0.012 -29"><span class='ocrx_word' id='word_1_32' title='bbox 75 661 155 718; x_wconf 90' lang='lat' dir='ltr'><strong>nata.</strong></span> <span class='ocrx_word' id='word_1_33' title='bbox 199 655 280 720; x_wconf 85' lang='lat' dir='ltr'><strong>Ante</strong></span> <span class='ocrx_word' id='word_1_34' title='bbox 304 661 522 720; x_wconf 89' lang='lat' dir='ltr'><strong>matrimonium</strong></span> <span class='ocrx_word' id='word_1_35' title='bbox 547 663 645 739; x_wconf 86' lang='lat' dir='ltr'><strong>patius</strong></span> <span class='ocrx_word' id='word_1_36' title='bbox 667 661 818 742; x_wconf 85' lang='lat' dir='ltr'><strong>explicent</strong></span> <span class='ocrx_word' id='word_1_37' title='bbox 841 660 960 739; x_wconf 89' lang='lat' dir='ltr'><strong>parochi</strong></span> <span class='ocrx_word' id='word_1_38' title='bbox 983 667 1112 742; x_wconf 90' lang='lat' dir='ltr'><strong>sponsis,</strong></span> <span class='ocrx_word' id='word_1_39' title='bbox 1136 668 1216 746; x_wconf 89' lang='lat' dir='ltr'><strong>quod</strong></span> 
     </span>
     <span class='ocr_line' id='line_1_6' title="bbox 74 762 1215 853; baseline 0.011 -34"><span class='ocrx_word' id='word_1_40' title='bbox 74 777 170 843; x_wconf 81' lang='lat' dir='ltr'><strong>grave</strong></span> <span class='ocrx_word' id='word_1_41' title='bbox 189 765 343 840; x_wconf 88' lang='lat' dir='ltr'><strong>peccatum</strong></span> <span class='ocrx_word' id='word_1_42' title='bbox 363 765 561 840; x_wconf 83' lang='lat' dir='ltr'><strong>committunt,</strong></span> <span class='ocrx_word' id='word_1_43' title='bbox 585 767 610 826; x_wconf 92' lang='lat' dir='ltr'><strong>si</strong></span> <span class='ocrx_word' id='word_1_44' title='bbox 636 762 760 826; x_wconf 79' lang='lat' dir='ltr'><strong>fallaciis</strong></span> <span class='ocrx_word' id='word_1_45' title='bbox 779 768 899 824; x_wconf 89' lang='lat' dir='ltr'><strong>utantur</strong></span> <span class='ocrx_word' id='word_1_46' title='bbox 916 767 947 824; x_wconf 91' lang='lat' dir='ltr'><strong>et</strong></span> <span class='ocrx_word' id='word_1_47' title='bbox 962 765 1117 828; x_wconf 88' lang='lat' dir='ltr'><strong>occultatis</strong></span> <span class='ocrx_word' id='word_1_48' title='bbox 1139 787 1215 853; x_wconf 82' lang='lat' dir='ltr'><strong>gra-</strong></span> 
     </span>
     <span class='ocr_line' id='line_1_7' title="bbox 74 863 1213 946; baseline 0.011 -24"><span class='ocrx_word' id='word_1_49' title='bbox 74 863 163 926; x_wconf 90' lang='lat' dir='ltr'><strong>vibus</strong></span> <span class='ocrx_word' id='word_1_50' title='bbox 186 863 332 944; x_wconf 90' lang='lat' dir='ltr'><strong>ejusmodi</strong></span> <span class='ocrx_word' id='word_1_51' title='bbox 350 864 518 928; x_wconf 79' lang='lat' dir='ltr'><strong>defectibus</strong></span> <span class='ocrx_word' id='word_1_52' title='bbox 539 883 573 928; x_wconf 89' lang='lat' dir='ltr'><strong>se</strong></span> <span class='ocrx_word' id='word_1_53' title='bbox 588 873 690 930; x_wconf 90' lang='lat' dir='ltr'><strong>mutuo</strong></span> <span class='ocrx_word' id='word_1_54' title='bbox 713 865 869 946; x_wconf 84' lang='lat' dir='ltr'><strong>decipiant.</strong></span> <span class='ocrx_word' id='word_1_55' title='bbox 895 864 1109 932; x_wconf 84' lang='lat' dir='ltr'><strong>Difficillimum</strong></span> <span class='ocrx_word' id='word_1_56' title='bbox 1132 877 1213 934; x_wconf 80' lang='lat' dir='ltr'><strong>anim</strong></span> 
     </span>
     <span class='ocr_line' id='line_1_8' title="bbox 77 966 1214 1037; baseline 0.009 -10"><span class='ocrx_word' id='word_1_57' title='bbox 77 971 122 1028; x_wconf 88' lang='lat' dir='ltr'><strong>est</strong></span> <span class='ocrx_word' id='word_1_58' title='bbox 145 971 177 1028; x_wconf 92' lang='lat' dir='ltr'><strong>in</strong></span> <span class='ocrx_word' id='word_1_59' title='bbox 200 966 266 1028; x_wconf 89' lang='lat' dir='ltr'><strong>loro</strong></span> <span class='ocrx_word' id='word_1_60' title='bbox 281 967 337 1029; x_wconf 87' lang='lat' dir='ltr'><strong>ieri</strong></span> <span class='ocrx_word' id='word_1_61' title='bbox 360 967 497 1030; x_wconf 91' lang='lat' dir='ltr'><strong>obtinere</strong></span> <span class='ocrx_word' id='word_1_62' title='bbox 513 972 692 1031; x_wconf 89' lang='lat' dir='ltr'><strong>sententiam</strong></span> <span class='ocrx_word' id='word_1_63' title='bbox 708 969 852 1030; x_wconf 90' lang='lat' dir='ltr'><strong>nullitatis</strong></span> <span class='ocrx_word' id='word_1_64' title='bbox 867 973 1047 1032; x_wconf 89' lang='lat' dir='ltr'><strong>matrimonii</strong></span> <span class='ocrx_word' id='word_1_65' title='bbox 1066 971 1105 1034; x_wconf 89' lang='lat' dir='ltr'><strong>ob</strong></span> <span class='ocrx_word' id='word_1_66' title='bbox 1124 991 1214 1037; x_wconf 88' lang='lat' dir='ltr'><strong>erro-</strong></span> 
     </span>
     <span class='ocr_line' id='line_1_9' title="bbox 75 1071 1215 1152; baseline 0.008 -21"><span class='ocrx_word' id='word_1_67' title='bbox 75 1087 140 1131; x_wconf 87' lang='lat' dir='ltr'><strong>rem</strong></span> <span class='ocrx_word' id='word_1_68' title='bbox 165 1071 355 1151; x_wconf 88' lang='lat' dir='ltr'><strong>inqualitate</strong></span> <span class='ocrx_word' id='word_1_69' title='bbox 377 1088 535 1151; x_wconf 86' lang='lat' dir='ltr'><strong>personae,</strong></span> <span class='ocrx_word' id='word_1_70' title='bbox 559 1075 675 1134; x_wconf 89' lang='lat' dir='ltr'><strong>etiamsi</strong></span> <span class='ocrx_word' id='word_1_71' title='bbox 697 1075 728 1134; x_wconf 91' lang='lat' dir='ltr'><strong>iu</strong></span> <span class='ocrx_word' id='word_1_72' title='bbox 745 1076 811 1152; x_wconf 91' lang='lat' dir='ltr'><strong>ipso</strong></span> <span class='ocrx_word' id='word_1_73' title='bbox 834 1077 989 1136; x_wconf 90' lang='lat' dir='ltr'><strong>contractu</strong></span> <span class='ocrx_word' id='word_1_74' title='bbox 1007 1077 1215 1140; x_wconf 87' lang='lat' dir='ltr'><strong>matrimoniali</strong></span> 
     </span>
     <span class='ocr_line' id='line_1_10' title="bbox 74 1171 1214 1256; baseline 0.007 -22"><span class='ocrx_word' id='word_1_75' title='bbox 74 1177 212 1252; x_wconf 85' lang='lat' dir='ltr'><strong>apposita</strong></span> <span class='ocrx_word' id='word_1_76' title='bbox 230 1173 321 1236; x_wconf 86' lang='lat' dir='ltr'><strong>luerit</strong></span> <span class='ocrx_word' id='word_1_77' title='bbox 334 1171 475 1254; x_wconf 86' lang='lat' dir='ltr'><strong>conditio,</strong></span> <span class='ocrx_word' id='word_1_78' title='bbox 498 1193 576 1256; x_wconf 89' lang='lat' dir='ltr'><strong>quae</strong></span> <span class='ocrx_word' id='word_1_79' title='bbox 593 1181 697 1255; x_wconf 87' lang='lat' dir='ltr'><strong>postea</strong></span> <span class='ocrx_word' id='word_1_80' title='bbox 712 1173 843 1236; x_wconf 88' lang='lat' dir='ltr'><strong>dilucide</strong></span> <span class='ocrx_word' id='word_1_81' title='bbox 857 1175 974 1254; x_wconf 92' lang='lat' dir='ltr'><strong>probari</strong></span> <span class='ocrx_word' id='word_1_82' title='bbox 994 1180 1104 1256; x_wconf 90' lang='lat' dir='ltr'><strong>nequit.</strong></span> <span class='ocrx_word' id='word_1_83' title='bbox 1128 1177 1214 1242; x_wconf 81' lang='lat' dir='ltr'><strong>iusta</strong></span> 
     </span>
     <span class='ocr_line' id='line_1_11' title="bbox 75 1275 1213 1359; baseline 0.007 -23"><span class='ocrx_word' id='word_1_84' title='bbox 75 1295 206 1357; x_wconf 88' lang='lat' dir='ltr'><strong>namque</strong></span> <span class='ocrx_word' id='word_1_85' title='bbox 230 1282 260 1338; x_wconf 91' lang='lat' dir='ltr'><strong>et</strong></span> <span class='ocrx_word' id='word_1_86' title='bbox 282 1275 445 1359; x_wconf 72' lang='lat' dir='ltr'><strong>prudenter</strong></span> <span class='ocrx_word' id='word_1_87' title='bbox 465 1275 600 1340; x_wconf 89' lang='lat' dir='ltr'><strong>Ecclesia</strong></span> <span class='ocrx_word' id='word_1_88' title='bbox 623 1277 773 1354; x_wconf 77' lang='lat' dir='ltr'><strong>demerit,</strong></span> <span class='ocrx_word' id='word_1_89' title='bbox 803 1277 883 1358; x_wconf 90' lang='lat' dir='ltr'><strong>qued</strong></span> <span class='ocrx_word' id='word_1_90' title='bbox 905 1295 990 1342; x_wconf 86' lang='lat' dir='ltr'><strong>error</strong></span> <span class='ocrx_word' id='word_1_91' title='bbox 1013 1283 1044 1340; x_wconf 90' lang='lat' dir='ltr'><strong>ln</strong></span> <span class='ocrx_word' id='word_1_92' title='bbox 1071 1280 1213 1358; x_wconf 83' lang='lat' dir='ltr'><strong>qualitate</strong></span> 
     </span>
     <span class='ocr_line' id='line_1_12' title="bbox 78 1377 1212 1464; baseline 0.005 -24"><span class='ocrx_word' id='word_1_93' title='bbox 78 1398 139 1442; x_wconf 89' lang='lat' dir='ltr'><strong>non</strong></span> <span class='ocrx_word' id='word_1_94' title='bbox 163 1379 307 1440; x_wconf 86' lang='lat' dir='ltr'><strong>invalidet</strong></span> <span class='ocrx_word' id='word_1_95' title='bbox 329 1382 565 1458; x_wconf 88' lang='lat' dir='ltr'><strong>matrimonium,</strong></span> <span class='ocrx_word' id='word_1_96' title='bbox 599 1399 636 1442; x_wconf 93' lang='lat' dir='ltr'><strong>ne</strong></span> <span class='ocrx_word' id='word_1_97' title='bbox 659 1377 895 1444; x_wconf 85' lang='lat' dir='ltr'><strong>confunderetur</strong></span> <span class='ocrx_word' id='word_1_98' title='bbox 916 1385 1045 1442; x_wconf 89' lang='lat' dir='ltr'><strong>societas</strong></span> <span class='ocrx_word' id='word_1_99' title='bbox 1068 1380 1212 1464; x_wconf 91' lang='lat' dir='ltr'><strong>tidelium,</strong></span> 
     </span>
     <span class='ocr_line' id='line_1_13' title="bbox 76 1481 1213 1564; baseline 0.003 -20"><span class='ocrx_word' id='word_1_100' title='bbox 76 1499 135 1561; x_wconf 89' lang='lat' dir='ltr'><strong>pax</strong></span> <span class='ocrx_word' id='word_1_101' title='bbox 161 1486 328 1545; x_wconf 90' lang='lat' dir='ltr'><strong>communis</strong></span> <span class='ocrx_word' id='word_1_102' title='bbox 350 1481 529 1560; x_wconf 86' lang='lat' dir='ltr'><strong>turbaretur,</strong></span> <span class='ocrx_word' id='word_1_103' title='bbox 553 1490 584 1544; x_wconf 90' lang='lat' dir='ltr'><strong>et</strong></span> <span class='ocrx_word' id='word_1_104' title='bbox 601 1483 730 1546; x_wconf 82' lang='lat' dir='ltr'><strong>familiae</strong></span> <span class='ocrx_word' id='word_1_105' title='bbox 753 1487 944 1545; x_wconf 84' lang='lat' dir='ltr'><strong>remanerent</strong></span> <span class='ocrx_word' id='word_1_106' title='bbox 959 1487 1113 1564; x_wconf 86' lang='lat' dir='ltr'><strong>expositae</strong></span> <span class='ocrx_word' id='word_1_107' title='bbox 1136 1485 1213 1548; x_wconf 89' lang='lat' dir='ltr'><strong>odiis</strong></span> 
     </span>
     <span class='ocr_line' id='line_1_14' title="bbox 73 1583 1211 1669; baseline 0.004 -23"><span class='ocrx_word' id='word_1_108' title='bbox 73 1590 104 1646; x_wconf 90' lang='lat' dir='ltr'><strong>et</strong></span> <span class='ocrx_word' id='word_1_109' title='bbox 126 1589 211 1660; x_wconf 88' lang='lat' dir='ltr'><strong>rixis,</strong></span> <span class='ocrx_word' id='word_1_110' title='bbox 237 1591 325 1664; x_wconf 90' lang='lat' dir='ltr'><strong>prout</strong></span> <span class='ocrx_word' id='word_1_111' title='bbox 346 1589 533 1646; x_wconf 89' lang='lat' dir='ltr'><strong>incessanter</strong></span> <span class='ocrx_word' id='word_1_112' title='bbox 547 1591 750 1669; x_wconf 82' lang='lat' dir='ltr'><strong>contingeret,</strong></span> <span class='ocrx_word' id='word_1_113' title='bbox 775 1589 799 1646; x_wconf 92' lang='lat' dir='ltr'><strong>si</strong></span> <span class='ocrx_word' id='word_1_114' title='bbox 818 1603 908 1664; x_wconf 89' lang='lat' dir='ltr'><strong>super</strong></span> <span class='ocrx_word' id='word_1_115' title='bbox 923 1583 981 1650; x_wconf 88' lang='lat' dir='ltr'><strong>hec</strong></span> <span class='ocrx_word' id='word_1_116' title='bbox 997 1587 1211 1666; x_wconf 89' lang='lat' dir='ltr'><strong>impedimento</strong></span> 
     </span>
     <span class='ocr_line' id='line_1_15' title="bbox 72 1687 1211 1772; baseline 0.002 -22"><span class='ocrx_word' id='word_1_117' title='bbox 72 1687 224 1766; x_wconf 84' lang='lat' dir='ltr'><strong>qualitatis</strong></span> <span class='ocrx_word' id='word_1_118' title='bbox 255 1705 315 1750; x_wconf 87' lang='lat' dir='ltr'><strong>non</strong></span> <span class='ocrx_word' id='word_1_119' title='bbox 347 1691 488 1772; x_wconf 84' lang='lat' dir='ltr'><strong>cognitae</strong></span> <span class='ocrx_word' id='word_1_120' title='bbox 518 1689 754 1752; x_wconf 87' lang='lat' dir='ltr'><strong>dissolverentur</strong></span> <span class='ocrx_word' id='word_1_121' title='bbox 783 1689 942 1770; x_wconf 79' lang='lat' dir='ltr'><strong>conjugia3</strong></span> <span class='ocrx_word' id='word_1_122' title='bbox 975 1690 1100 1770; x_wconf 90' lang='lat' dir='ltr'><strong>quilibet</strong></span> <span class='ocrx_word' id='word_1_123' title='bbox 1130 1695 1211 1752; x_wconf 91' lang='lat' dir='ltr'><strong>enim</strong></span> 
     </span>
     <span class='ocr_line' id='line_1_16' title="bbox 72 1790 1212 1872; baseline 0.003 -19"><span class='ocrx_word' id='word_1_124' title='bbox 72 1795 141 1872; x_wconf 89' lang='lat' dir='ltr'><strong>post</strong></span> <span class='ocrx_word' id='word_1_125' title='bbox 161 1794 249 1853; x_wconf 86' lang='lat' dir='ltr'><strong>initas</strong></span> <span class='ocrx_word' id='word_1_126' title='bbox 266 1795 395 1871; x_wconf 90' lang='lat' dir='ltr'><strong>nuptias,</strong></span> <span class='ocrx_word' id='word_1_127' title='bbox 420 1791 488 1853; x_wconf 88' lang='lat' dir='ltr'><strong>iacti</strong></span> <span class='ocrx_word' id='word_1_128' title='bbox 508 1795 673 1871; x_wconf 78' lang='lat' dir='ltr'><strong>poenbens,</strong></span> <span class='ocrx_word' id='word_1_129' title='bbox 697 1796 822 1869; x_wconf 88' lang='lat' dir='ltr'><strong>asseret,</strong></span> <span class='ocrx_word' id='word_1_130' title='bbox 846 1809 879 1853; x_wconf 91' lang='lat' dir='ltr'><strong>se</strong></span> <span class='ocrx_word' id='word_1_131' title='bbox 895 1790 1059 1854; x_wconf 88' lang='lat' dir='ltr'><strong>credidisse</strong></span> <span class='ocrx_word' id='word_1_132' title='bbox 1076 1796 1107 1852; x_wconf 89' lang='lat' dir='ltr'><strong>in</strong></span> <span class='ocrx_word' id='word_1_133' title='bbox 1121 1793 1212 1856; x_wconf 89' lang='lat' dir='ltr'><strong>corde</strong></span> 
     </span>
     <span class='ocr_line' id='line_1_17' title="bbox 71 1893 1213 1976; baseline 0 -20"><span class='ocrx_word' id='word_1_134' title='bbox 71 1912 127 1956; x_wconf 90' lang='lat' dir='ltr'><strong>suo</strong></span> <span class='ocrx_word' id='word_1_135' title='bbox 152 1894 324 1974; x_wconf 87' lang='lat' dir='ltr'><strong>qualitatem</strong></span> <span class='ocrx_word' id='word_1_136' title='bbox 348 1893 475 1974; x_wconf 89' lang='lat' dir='ltr'><strong>aliquam</strong></span> <span class='ocrx_word' id='word_1_137' title='bbox 498 1897 530 1954; x_wconf 92' lang='lat' dir='ltr'><strong>in</strong></span> <span class='ocrx_word' id='word_1_138' title='bbox 553 1895 702 1976; x_wconf 80' lang='lat' dir='ltr'><strong>conjuge,</strong></span> <span class='ocrx_word' id='word_1_139' title='bbox 725 1912 814 1974; x_wconf 92' lang='lat' dir='ltr'><strong>quam</strong></span> <span class='ocrx_word' id='word_1_140' title='bbox 837 1893 944 1956; x_wconf 89' lang='lat' dir='ltr'><strong>adesse</strong></span> <span class='ocrx_word' id='word_1_141' title='bbox 966 1912 1027 1957; x_wconf 90' lang='lat' dir='ltr'><strong>uon</strong></span> <span class='ocrx_word' id='word_1_142' title='bbox 1049 1900 1160 1974; x_wconf 89' lang='lat' dir='ltr'><strong>reperit</strong></span> <span class='ocrx_word' id='word_1_143' title='bbox 1182 1903 1213 1958; x_wconf 90' lang='lat' dir='ltr'><strong>et</strong></span> 
     </span>
     <span class='ocr_line' id='line_1_18' title="bbox 71 1995 1211 2078; baseline 0.006 -22"><span class='ocrx_word' id='word_1_144' title='bbox 71 2014 111 2057; x_wconf 83' lang='lat' dir='ltr'><strong>ex</strong></span> <span class='ocrx_word' id='word_1_145' title='bbox 134 1998 202 2078; x_wconf 89' lang='lat' dir='ltr'><strong>ejus</strong></span> <span class='ocrx_word' id='word_1_146' title='bbox 223 1997 343 2058; x_wconf 88' lang='lat' dir='ltr'><strong>deiectu</strong></span> <span class='ocrx_word' id='word_1_147' title='bbox 366 1995 592 2076; x_wconf 88' lang='lat' dir='ltr'><strong>praetenderet,</strong></span> <span class='ocrx_word' id='word_1_148' title='bbox 619 1996 658 2058; x_wconf 91' lang='lat' dir='ltr'><strong>ob</strong></span> <span class='ocrx_word' id='word_1_149' title='bbox 680 2013 814 2060; x_wconf 88' lang='lat' dir='ltr'><strong>errorem</strong></span> <span class='ocrx_word' id='word_1_150' title='bbox 838 1996 988 2078; x_wconf 89' lang='lat' dir='ltr'><strong>qualitatis</strong></span> <span class='ocrx_word' id='word_1_151' title='bbox 1011 2015 1028 2060; x_wconf 90' lang='lat' dir='ltr'><strong>a</strong></span> <span class='ocrx_word' id='word_1_152' title='bbox 1052 2003 1211 2063; x_wconf 87' lang='lat' dir='ltr'><strong>matrimo-</strong></span> 
     </span>
     <span class='ocr_line' id='line_1_19' title="bbox 70 2098 335 2174; baseline 0 -14"><span class='ocrx_word' id='word_1_153' title='bbox 70 2103 122 2162; x_wconf 92' lang='lat' dir='ltr'><strong>nio</strong></span> <span class='ocrx_word' id='word_1_154' title='bbox 146 2100 299 2162; x_wconf 86' lang='lat' dir='ltr'><strong>resilire.“</strong></span> <span class='ocrx_word' id='word_1_155' title='bbox 312 2098 335 2174; x_wconf 85' lang='lat'><strong>¹)</strong></span> 
     </span>
    </p>

    <p class='ocr_par' dir='ltr' id='par_1_3' title="bbox 68 2193 1211 2490">
     <span class='ocr_line' id='line_1_20' title="bbox 147 2193 1211 2286; baseline 0.006 -24"><span class='ocrx_word' id='word_1_156' title='bbox 147 2201 336 2280; x_wconf 60' lang='lat' dir='ltr'><strong>‘Quaerituq</strong></span> <span class='ocrx_word' id='word_1_157' title='bbox 361 2221 398 2264; x_wconf 92' lang='lat' dir='ltr'><strong>au</strong></span> <span class='ocrx_word' id='word_1_158' title='bbox 422 2193 641 2264; x_wconf 82' lang='lat' dir='ltr'><strong>matrimonium</strong></span> <span class='ocrx_word' id='word_1_159' title='bbox 665 2205 704 2264; x_wconf 89' lang='lat' dir='ltr'><strong>sit</strong></span> <span class='ocrx_word' id='word_1_160' title='bbox 725 2200 875 2278; x_wconf 83' lang='lat' dir='ltr'><strong>validum,</strong></span> <span class='ocrx_word' id='word_1_161' title='bbox 904 2205 930 2264; x_wconf 92' lang='lat' dir='ltr'><strong>si</strong></span> <span class='ocrx_word' id='word_1_162' title='bbox 952 2203 1027 2264; x_wconf 89' lang='lat' dir='ltr'><strong>alter</strong></span> <span class='ocrx_word' id='word_1_163' title='bbox 1049 2203 1099 2266; x_wconf 88' lang='lat' dir='ltr'><strong>vel</strong></span> <span class='ocrx_word' id='word_1_164' title='bbox 1121 2209 1211 2286; x_wconf 90' lang='lat' dir='ltr'><strong>uter-</strong></span> 
     </span>
     <span class='ocr_line' id='line_1_21' title="bbox 68 2303 1209 2386; baseline 0.004 -18"><span class='ocrx_word' id='word_1_165' title='bbox 68 2321 127 2384; x_wconf 90' lang='lat' dir='ltr'><strong>que</strong></span> <span class='ocrx_word' id='word_1_166' title='bbox 150 2305 387 2368; x_wconf 90' lang='lat' dir='ltr'><strong>contrahentium</strong></span> <span class='ocrx_word' id='word_1_167' title='bbox 407 2325 466 2386; x_wconf 83' lang='lat' dir='ltr'><strong>por</strong></span> <span class='ocrx_word' id='word_1_168' title='bbox 488 2315 626 2366; x_wconf 81' lang='lat' dir='ltr'><strong>errorem</strong></span> <span class='ocrx_word' id='word_1_169' title='bbox 649 2303 761 2382; x_wconf 82' lang='lat' dir='ltr'><strong>credat,</strong></span> <span class='ocrx_word' id='word_1_170' title='bbox 786 2321 820 2366; x_wconf 90' lang='lat' dir='ltr'><strong>se</strong></span> <span class='ocrx_word' id='word_1_171' title='bbox 842 2303 980 2368; x_wconf 90' lang='lat' dir='ltr'><strong>laborare</strong></span> <span class='ocrx_word' id='word_1_172' title='bbox 995 2306 1209 2385; x_wconf 89' lang='lat' dir='ltr'><strong>impedimento</strong></span> 
     </span>
     <span class='ocr_line' id='line_1_22' title="bbox 71 2405 710 2490; baseline -0.003 -22"><span class='ocrx_word' id='word_1_173' title='bbox 71 2407 249 2484; x_wconf 85' lang='lat' dir='ltr'><strong>dirimente,</strong></span> <span class='ocrx_word' id='word_1_174' title='bbox 272 2408 352 2490; x_wconf 93' lang='lat' dir='ltr'><strong>quod</strong></span> <span class='ocrx_word' id='word_1_175' title='bbox 375 2426 481 2470; x_wconf 89' lang='lat' dir='ltr'><strong>revera</strong></span> <span class='ocrx_word' id='word_1_176' title='bbox 502 2425 563 2471; x_wconf 93' lang='lat' dir='ltr'><strong>uou</strong></span> <span class='ocrx_word' id='word_1_177' title='bbox 585 2405 710 2472; x_wconf 78' lang='lat' dir='ltr'><strong>subest?</strong></span> 
     </span>
    </p>

    <p class='ocr_par' dir='ltr' id='par_1_4' title="bbox 64 2508 1259 3829">
     <span class='ocr_line' id='line_1_23' title="bbox 152 2508 1207 2592; baseline -0.001 -18"><span class='ocrx_word' id='word_1_178' title='bbox 152 2517 187 2592; x_wconf 75' lang='lat' dir='ltr'><strong>ib.</strong></span> <span class='ocrx_word' id='word_1_179' title='bbox 211 2511 331 2592; x_wconf 76' lang='lat' dir='ltr'><strong>Neqnat</strong></span> <span class='ocrx_word' id='word_1_180' title='bbox 344 2513 462 2592; x_wconf 80' lang='lat' dir='ltr'><strong>ptores,</strong></span> <span class='ocrx_word' id='word_1_181' title='bbox 487 2509 540 2572; x_wconf 89' lang='lat' dir='ltr'><strong>sed</strong></span> <span class='ocrx_word' id='word_1_182' title='bbox 564 2508 743 2590; x_wconf 88' lang='lat' dir='ltr'><strong>probabilior</strong></span> <span class='ocrx_word' id='word_1_183' title='bbox 758 2509 877 2572; x_wconf 88' lang='lat' dir='ltr'><strong>videtur</strong></span> <span class='ocrx_word' id='word_1_184' title='bbox 899 2513 1047 2573; x_wconf 88' lang='lat' dir='ltr'><strong>sententia</strong></span> <span class='ocrx_word' id='word_1_185' title='bbox 1071 2509 1207 2573; x_wconf 84' lang='lat' dir='ltr'><strong>affirma-</strong></span> 
     </span>
     <span class='ocr_line' id='line_1_24' title="bbox 68 2612 1204 2695; baseline 0.002 -21"><span class='ocrx_word' id='word_1_186' title='bbox 68 2619 128 2676; x_wconf 86' lang='lat' dir='ltr'><strong>tiva</strong></span> <span class='ocrx_word' id='word_1_187' title='bbox 152 2613 282 2690; x_wconf 89' lang='lat' dir='ltr'><strong>illorum,</strong></span> <span class='ocrx_word' id='word_1_188' title='bbox 302 2615 388 2695; x_wconf 83' lang='lat' dir='ltr'><strong>juxta</strong></span> <span class='ocrx_word' id='word_1_189' title='bbox 411 2631 486 2693; x_wconf 90' lang='lat' dir='ltr'><strong>quos</strong></span> <span class='ocrx_word' id='word_1_190' title='bbox 508 2613 589 2676; x_wconf 85' lang='lat' dir='ltr'><strong>valet</strong></span> <span class='ocrx_word' id='word_1_191' title='bbox 611 2615 845 2692; x_wconf 88' lang='lat' dir='ltr'><strong>matrimonium,</strong></span> <span class='ocrx_word' id='word_1_192' title='bbox 869 2617 894 2675; x_wconf 93' lang='lat' dir='ltr'><strong>si</strong></span> <span class='ocrx_word' id='word_1_193' title='bbox 918 2612 1129 2688; x_wconf 86' lang='lat' dir='ltr'><strong>contrahentes</strong></span> <span class='ocrx_word' id='word_1_194' title='bbox 1150 2618 1204 2676; x_wconf 90' lang='lat' dir='ltr'><strong>iu·</strong></span> 
     </span>
     <span class='ocr_line' id='line_1_25' title="bbox 67 2715 1205 2797; baseline 0 -18"><span class='ocrx_word' id='word_1_195' title='bbox 67 2717 201 2795; x_wconf 88' lang='lat' dir='ltr'><strong>tendant,</strong></span> <span class='ocrx_word' id='word_1_196' title='bbox 226 2723 366 2797; x_wconf 90' lang='lat' dir='ltr'><strong>quantum</strong></span> <span class='ocrx_word' id='word_1_197' title='bbox 389 2719 420 2776; x_wconf 89' lang='lat' dir='ltr'><strong>in</strong></span> <span class='ocrx_word' id='word_1_198' title='bbox 437 2721 544 2796; x_wconf 91' lang='lat' dir='ltr'><strong>seipsis</strong></span> <span class='ocrx_word' id='word_1_199' title='bbox 567 2722 624 2793; x_wconf 89' lang='lat' dir='ltr'><strong>eat,</strong></span> <span class='ocrx_word' id='word_1_200' title='bbox 647 2719 826 2777; x_wconf 88' lang='lat' dir='ltr'><strong>consentire.</strong></span> <span class='ocrx_word' id='word_1_201' title='bbox 851 2715 937 2778; x_wconf 87' lang='lat' dir='ltr'><strong>ilatio</strong></span> <span class='ocrx_word' id='word_1_202' title='bbox 957 2720 1013 2794; x_wconf 91' lang='lat' dir='ltr'><strong>est,</strong></span> <span class='ocrx_word' id='word_1_203' title='bbox 1038 2719 1108 2797; x_wconf 88' lang='lat' dir='ltr'><strong>quia</strong></span> <span class='ocrx_word' id='word_1_204' title='bbox 1130 2717 1205 2780; x_wconf 90' lang='lat' dir='ltr'><strong>tales</strong></span> 
     </span>
     <span class='ocr_line' id='line_1_26' title="bbox 68 2817 1205 2908; baseline -0.001 -25"><span class='ocrx_word' id='word_1_205' title='bbox 68 2839 216 2908; x_wconf 80' lang='lat' dir='ltr'><strong>personae</strong></span> <span class='ocrx_word' id='word_1_206' title='bbox 239 2838 278 2881; x_wconf 87' lang='lat' dir='ltr'><strong>ex</strong></span> <span class='ocrx_word' id='word_1_207' title='bbox 300 2840 357 2883; x_wconf 91' lang='lat' dir='ltr'><strong>una</strong></span> <span class='ocrx_word' id='word_1_208' title='bbox 382 2827 466 2901; x_wconf 89' lang='lat' dir='ltr'><strong>parte</strong></span> <span class='ocrx_word' id='word_1_209' title='bbox 488 2825 558 2882; x_wconf 91' lang='lat' dir='ltr'><strong>sunt</strong></span> <span class='ocrx_word' id='word_1_210' title='bbox 579 2835 652 2882; x_wconf 86' lang='lat' dir='ltr'><strong>rere</strong></span> <span class='ocrx_word' id='word_1_211' title='bbox 673 2817 784 2882; x_wconf 90' lang='lat' dir='ltr'><strong>habiles</strong></span> <span class='ocrx_word' id='word_1_212' title='bbox 807 2819 844 2880; x_wconf 92' lang='lat' dir='ltr'><strong>ad</strong></span> <span class='ocrx_word' id='word_1_213' title='bbox 867 2817 1113 2898; x_wconf 89' lang='lat' dir='ltr'><strong>contrahendum,</strong></span> <span class='ocrx_word' id='word_1_214' title='bbox 1137 2839 1205 2886; x_wconf 91' lang='lat' dir='ltr'><strong>cum</strong></span> 
     </span>
     <span class='ocr_line' id='line_1_27' title="bbox 68 2923 1206 3004; baseline -0.002 -18"><span class='ocrx_word' id='word_1_215' title='bbox 68 2943 176 2987; x_wconf 82' lang='lat' dir='ltr'><strong>revera</strong></span> <span class='ocrx_word' id='word_1_216' title='bbox 201 2924 282 2986; x_wconf 90' lang='lat' dir='ltr'><strong>nullo</strong></span> <span class='ocrx_word' id='word_1_217' title='bbox 305 2923 447 2986; x_wconf 90' lang='lat' dir='ltr'><strong>laborent.</strong></span> <span class='ocrx_word' id='word_1_218' title='bbox 460 2923 689 3004; x_wconf 90' lang='lat' dir='ltr'><strong>impediment0;</strong></span> <span class='ocrx_word' id='word_1_219' title='bbox 719 2923 873 2986; x_wconf 83' lang='lat' dir='ltr'><strong>exaltare</strong></span> <span class='ocrx_word' id='word_1_220' title='bbox 895 2940 969 2985; x_wconf 90' lang='lat' dir='ltr'><strong>vero</strong></span> <span class='ocrx_word' id='word_1_221' title='bbox 996 2927 1080 3003; x_wconf 90' lang='lat' dir='ltr'><strong>parte</strong></span> <span class='ocrx_word' id='word_1_222' title='bbox 1102 2926 1206 2986; x_wconf 88' lang='lat' dir='ltr'><strong>inten-</strong></span> 
     </span>
     <span class='ocr_line' id='line_1_28' title="bbox 65 3025 1205 3109; baseline 0.001 -21"><span class='ocrx_word' id='word_1_223' title='bbox 65 3027 150 3104; x_wconf 86' lang='lat' dir='ltr'><strong>dunt,</strong></span> <span class='ocrx_word' id='word_1_224' title='bbox 176 3031 320 3107; x_wconf 90' lang='lat' dir='ltr'><strong>quantum</strong></span> <span class='ocrx_word' id='word_1_225' title='bbox 343 3030 476 3104; x_wconf 89' lang='lat' dir='ltr'><strong>possunt,</strong></span> <span class='ocrx_word' id='word_1_226' title='bbox 501 3027 692 3104; x_wconf 83' lang='lat' dir='ltr'><strong>contrahere3</strong></span> <span class='ocrx_word' id='word_1_227' title='bbox 715 3043 790 3109; x_wconf 78' lang='lat' dir='ltr'><strong>ergo</strong></span> <span class='ocrx_word' id='word_1_228' title='bbox 812 3041 885 3087; x_wconf 90' lang='lat' dir='ltr'><strong>vere</strong></span> <span class='ocrx_word' id='word_1_229' title='bbox 907 3025 1091 3090; x_wconf 89' lang='lat' dir='ltr'><strong>contrahunt.</strong></span> <span class='ocrx_word' id='word_1_230' title='bbox 1120 3025 1205 3099; x_wconf 85' lang='lat' dir='ltr'><strong>Oued</strong></span> 
     </span>
     <span class='ocr_line' id='line_1_29' title="bbox 65 3125 1202 3210; baseline 0.002 -20"><span class='ocrx_word' id='word_1_231' title='bbox 65 3129 259 3192; x_wconf 84' lang='lat' dir='ltr'><strong>confirmatur</strong></span> <span class='ocrx_word' id='word_1_232' title='bbox 281 3147 320 3190; x_wconf 84' lang='lat' dir='ltr'><strong>ex</strong></span> <span class='ocrx_word' id='word_1_233' title='bbox 342 3128 526 3190; x_wconf 86' lang='lat' dir='ltr'><strong>resolutione</strong></span> <span class='ocrx_word' id='word_1_234' title='bbox 553 3133 584 3190; x_wconf 93' lang='lat' dir='ltr'><strong>in</strong></span> <span class='ocrx_word' id='word_1_235' title='bbox 612 3147 701 3193; x_wconf 91' lang='lat' dir='ltr'><strong>causa</strong></span> <span class='ocrx_word' id='word_1_236' title='bbox 724 3127 917 3210; x_wconf 77' lang='lat' dir='ltr'><strong>smyrnensi,</strong></span> <span class='ocrx_word' id='word_1_237' title='bbox 949 3125 978 3192; x_wconf 88' lang='grc'><strong>9.</strong></span> <span class='ocrx_word' id='word_1_238' title='bbox 1001 3127 1083 3208; x_wconf 85' lang='lat' dir='ltr'><strong>Sept.</strong></span> <span class='ocrx_word' id='word_1_239' title='bbox 1109 3126 1202 3207; x_wconf 81' lang='lat'><strong>1752,</strong></span> 
     </span>
     <span class='ocr_line' id='line_1_30' title="bbox 66 3229 1204 3316; baseline -0.001 -22"><span class='ocrx_word' id='word_1_240' title='bbox 66 3231 114 3294; x_wconf 91' lang='lat' dir='ltr'><strong>ubi</strong></span> <span class='ocrx_word' id='word_1_241' title='bbox 140 3230 284 3295; x_wconf 85' lang='lat' dir='ltr'><strong>defensor</strong></span> <span class='ocrx_word' id='word_1_242' title='bbox 305 3235 487 3294; x_wconf 87' lang='lat' dir='ltr'><strong>matrimonii</strong></span> <span class='ocrx_word' id='word_1_243' title='bbox 510 3232 609 3295; x_wconf 89' lang='lat' dir='ltr'><strong>taliter</strong></span> <span class='ocrx_word' id='word_1_244' title='bbox 630 3237 695 3294; x_wconf 88' lang='lat' dir='ltr'><strong>initi</strong></span> <span class='ocrx_word' id='word_1_245' title='bbox 719 3237 818 3316; x_wconf 81' lang='lat' dir='ltr'><strong>urget,</strong></span> <span class='ocrx_word' id='word_1_246' title='bbox 840 3229 975 3294; x_wconf 87' lang='lat' dir='ltr'><strong>illicitum</strong></span> <span class='ocrx_word' id='word_1_247' title='bbox 995 3231 1126 3314; x_wconf 90' lang='lat' dir='ltr'><strong>quidem,</strong></span> <span class='ocrx_word' id='word_1_248' title='bbox 1150 3231 1204 3293; x_wconf 93' lang='lat' dir='ltr'><strong>sed</strong></span> 
     </span>
     <span class='ocr_line' id='line_1_31' title="bbox 65 3333 1205 3418; baseline 0.002 -24"><span class='ocrx_word' id='word_1_249' title='bbox 65 3340 165 3396; x_wconf 74' lang='lat' dir='ltr'><strong>nmen</strong></span> <span class='ocrx_word' id='word_1_250' title='bbox 198 3333 328 3397; x_wconf 85' lang='lat' dir='ltr'><strong>validum</strong></span> <span class='ocrx_word' id='word_1_251' title='bbox 346 3353 425 3398; x_wconf 85' lang='lat' dir='ltr'><strong>esse</strong></span> <span class='ocrx_word' id='word_1_252' title='bbox 454 3339 673 3399; x_wconf 90' lang='lat' dir='ltr'><strong>matrimonium</strong></span> <span class='ocrx_word' id='word_1_253' title='bbox 701 3340 886 3398; x_wconf 87' lang='lat' dir='ltr'><strong>contractura</strong></span> <span class='ocrx_word' id='word_1_254' title='bbox 913 3333 950 3396; x_wconf 90' lang='lat' dir='ltr'><strong>ab</strong></span> <span class='ocrx_word' id='word_1_255' title='bbox 977 3353 1031 3413; x_wconf 90' lang='lat' dir='ltr'><strong>eo,</strong></span> <span class='ocrx_word' id='word_1_256' title='bbox 1065 3338 1116 3418; x_wconf 91' lang='lat' dir='ltr'><strong>qui</strong></span> <span class='ocrx_word' id='word_1_257' title='bbox 1144 3351 1205 3397; x_wconf 91' lang='lat' dir='ltr'><strong>non</strong></span> 
     </span>
     <span class='ocr_line' id='line_1_32' title="bbox 64 3435 1204 3520; baseline -0.001 -20"><span class='ocrx_word' id='word_1_258' title='bbox 64 3441 240 3517; x_wconf 84' lang='lat' dir='ltr'><strong>exspectato</strong></span> <span class='ocrx_word' id='word_1_259' title='bbox 269 3445 352 3500; x_wconf 90' lang='lat' dir='ltr'><strong>certo</strong></span> <span class='ocrx_word' id='word_1_260' title='bbox 382 3442 492 3502; x_wconf 91' lang='lat' dir='ltr'><strong>nuncio</strong></span> <span class='ocrx_word' id='word_1_261' title='bbox 515 3438 552 3500; x_wconf 91' lang='lat' dir='ltr'><strong>de</strong></span> <span class='ocrx_word' id='word_1_262' title='bbox 582 3446 678 3502; x_wconf 89' lang='lat' dir='ltr'><strong>morte</strong></span> <span class='ocrx_word' id='word_1_263' title='bbox 705 3438 843 3520; x_wconf 81' lang='lat' dir='ltr'><strong>conjugis</strong></span> <span class='ocrx_word' id='word_1_264' title='bbox 872 3455 939 3498; x_wconf 86' lang='lat' dir='ltr'><strong>curn</strong></span> <span class='ocrx_word' id='word_1_265' title='bbox 969 3437 1026 3499; x_wconf 89' lang='lat' dir='ltr'><strong>alia</strong></span> <span class='ocrx_word' id='word_1_266' title='bbox 1056 3435 1204 3499; x_wconf 89' lang='lat' dir='ltr'><strong>secundas</strong></span> 
     </span>
     <span class='ocr_line' id='line_1_33' title="bbox 65 3537 1203 3621; baseline -0.004 -19"><span class='ocrx_word' id='word_1_267' title='bbox 65 3543 191 3620; x_wconf 90' lang='lat' dir='ltr'><strong>nuptias.</strong></span> <span class='ocrx_word' id='word_1_268' title='bbox 205 3539 364 3616; x_wconf 88' lang='lat' dir='ltr'><strong>contrahit,</strong></span> <span class='ocrx_word' id='word_1_269' title='bbox 387 3539 457 3602; x_wconf 90' lang='lat' dir='ltr'><strong>dum</strong></span> <span class='ocrx_word' id='word_1_270' title='bbox 472 3559 545 3603; x_wconf 85' lang='lat' dir='ltr'><strong>rere</strong></span> <span class='ocrx_word' id='word_1_271' title='bbox 567 3559 644 3606; x_wconf 81' lang='lat' dir='ltr'><strong>uxor</strong></span> <span class='ocrx_word' id='word_1_272' title='bbox 666 3541 775 3605; x_wconf 89' lang='lat' dir='ltr'><strong>obierit</strong></span> <span class='ocrx_word' id='word_1_273' title='bbox 796 3545 941 3621; x_wconf 90' lang='lat' dir='ltr'><strong>tempore,</strong></span> <span class='ocrx_word' id='word_1_274' title='bbox 957 3555 1017 3620; x_wconf 93' lang='lat' dir='ltr'><strong>quo</strong></span> <span class='ocrx_word' id='word_1_275' title='bbox 1038 3537 1203 3600; x_wconf 87' lang='lat' dir='ltr'><strong>secundum</strong></span> 
     </span>
     <span class='ocr_line' id='line_1_34' title="bbox 65 3637 1203 3724; baseline -0.002 -22"><span class='ocrx_word' id='word_1_276' title='bbox 65 3645 289 3704; x_wconf 83' lang='lat' dir='ltr'><strong>matrimonium</strong></span> <span class='ocrx_word' id='word_1_277' title='bbox 312 3644 417 3704; x_wconf 88' lang='lat' dir='ltr'><strong>initum</strong></span> <span class='ocrx_word' id='word_1_278' title='bbox 440 3640 506 3719; x_wconf 88' lang='lat' dir='ltr'><strong>luit,</strong></span> <span class='ocrx_word' id='word_1_279' title='bbox 528 3648 598 3724; x_wconf 91' lang='lat' dir='ltr'><strong>quia</strong></span> <span class='ocrx_word' id='word_1_280' title='bbox 620 3661 787 3707; x_wconf 89' lang='lat' dir='ltr'><strong>consensus</strong></span> <span class='ocrx_word' id='word_1_281' title='bbox 810 3661 871 3706; x_wconf 90' lang='lat' dir='ltr'><strong>non</strong></span> <span class='ocrx_word' id='word_1_282' title='bbox 893 3647 926 3707; x_wconf 90' lang='lat' dir='ltr'><strong>in</strong></span> <span class='ocrx_word' id='word_1_283' title='bbox 947 3659 984 3703; x_wconf 89' lang='lat' dir='ltr'><strong>eo</strong></span> <span class='ocrx_word' id='word_1_284' title='bbox 1006 3639 1120 3717; x_wconf 89' lang='lat' dir='ltr'><strong>solum,</strong></span> <span class='ocrx_word' id='word_1_285' title='bbox 1143 3637 1203 3722; x_wconf 86' lang='lat' dir='ltr'><strong>&#39;qut</strong></span> 
     </span>
     <span class='ocr_line' id='line_1_35' title="bbox 66 3743 1259 3829; baseline 0.003 -25"><span class='ocrx_word' id='word_1_286' title='bbox 66 3743 218 3806; x_wconf 86' lang='lat' dir='ltr'><strong>moraliter</strong></span> <span class='ocrx_word' id='word_1_287' title='bbox 240 3747 344 3806; x_wconf 84' lang='lat' dir='ltr'><strong>certus</strong></span> <span class='ocrx_word' id='word_1_288' title='bbox 363 3749 419 3824; x_wconf 92' lang='lat' dir='ltr'><strong>est,</strong></span> <span class='ocrx_word' id='word_1_289' title='bbox 443 3745 497 3809; x_wconf 91' lang='lat' dir='ltr'><strong>sed</strong></span> <span class='ocrx_word' id='word_1_290' title='bbox 514 3751 603 3808; x_wconf 90' lang='lat' dir='ltr'><strong>etiam</strong></span> <span class='ocrx_word' id='word_1_291' title='bbox 618 3749 649 3808; x_wconf 91' lang='lat' dir='ltr'><strong>in</strong></span> <span class='ocrx_word' id='word_1_292' title='bbox 671 3763 718 3825; x_wconf 89' lang='lat' dir='ltr'><strong>eo,</strong></span> <span class='ocrx_word' id='word_1_293' title='bbox 743 3751 795 3829; x_wconf 92' lang='lat' dir='ltr'><strong>qul</strong></span> <span class='ocrx_word' id='word_1_294' title='bbox 812 3746 850 3809; x_wconf 93' lang='lat' dir='ltr'><strong>de</strong></span> <span class='ocrx_word' id='word_1_295' title='bbox 867 3763 922 3810; x_wconf 88' lang='lat' dir='ltr'><strong>sue</strong></span> <span class='ocrx_word' id='word_1_296' title='bbox 937 3743 1075 3806; x_wconf 84' lang='lat' dir='ltr'><strong>libertate</strong></span> <span class='ocrx_word' id='word_1_297' title='bbox 1088 3745 1203 3808; x_wconf 81' lang='lat' dir='ltr'><strong>dubius</strong></span> <span class='ocrx_word' id='word_1_298' title='bbox 1248 3777 1259 3794; x_wconf 67' lang='grc' dir='ltr'>ι</span> 
     </span>
    </p>
   </div>
   <div class='ocr_carea' id='block_1_3' title="bbox 87 3975 1202 4050">
    <p class='ocr_par' dir='ltr' id='par_1_5' title="bbox 87 3975 1202 4050">
     <span class='ocr_line' id='line_1_36' title="bbox 87 3975 1202 4050; baseline -0.001 -18"><span class='ocrx_word' id='word_1_299' title='bbox 87 3977 107 4044; x_wconf 89' lang='lat'><strong>¹)</strong></span> <span class='ocrx_word' id='word_1_300' title='bbox 124 3977 187 4032; x_wconf 74' lang='lat' dir='ltr'><strong>lut.</strong></span> <span class='ocrx_word' id='word_1_301' title='bbox 198 3975 349 4046; x_wconf 68' lang='lat' dir='ltr'><strong>partitur.</strong></span> <span class='ocrx_word' id='word_1_302' title='bbox 361 3994 386 4045; x_wconf 90' lang='lat' dir='ltr'><strong>p.</strong></span> <span class='ocrx_word' id='word_1_303' title='bbox 400 3978 460 4032; x_wconf 80' lang='lat' dir='ltr'><strong>ato.</strong></span> <span class='ocrx_word' id='word_1_304' title='bbox 479 3975 595 4032; x_wconf 76' lang='lat' dir='ltr'><strong>Glarieat.</strong></span> <span class='ocrx_word' id='word_1_305' title='bbox 611 3977 690 4032; x_wconf 72' lang='lat' dir='ltr'><strong>doeio.</strong></span> <span class='ocrx_word' id='word_1_306' title='bbox 708 3977 753 4032; x_wconf 84' lang='lat' dir='ltr'><strong>ltb.</strong></span> <span class='ocrx_word' id='word_1_307' title='bbox 767 3979 794 4033; x_wconf 82' lang='lat' dir='ltr'><strong>d.</strong></span> <span class='ocrx_word' id='word_1_308' title='bbox 810 3978 864 4032; x_wconf 86' lang='lat' dir='ltr'><strong>deo.</strong></span> <span class='ocrx_word' id='word_1_309' title='bbox 881 3977 920 4031; x_wconf 72' lang='lat' dir='ltr'><strong>li.</strong></span> <span class='ocrx_word' id='word_1_310' title='bbox 939 3992 964 4030; x_wconf 87' lang='lat' dir='ltr'><strong>o.</strong></span> <span class='ocrx_word' id='word_1_311' title='bbox 979 3975 1022 4030; x_wconf 79' lang='grc'><strong>30.</strong></span> <span class='ocrx_word' id='word_1_312' title='bbox 1039 3975 1165 4050; x_wconf 67' lang='lat' dir='ltr'><strong>Knopps.</strong></span> <span class='ocrx_word' id='word_1_313' title='bbox 1177 3978 1202 4031; x_wconf 87' lang='lat' dir='ltr'><strong>t.</strong></span> 
     </span>
    </p>
   </div>
   <div class='ocr_carea' id='block_1_4' title="bbox 0 0 1378 4646">
    <p class='ocr_par' dir='ltr' id='par_1_6' title="bbox 0 0 1378 4646">
     <span class='ocr_line' id='line_1_37' title="bbox 0 0 1378 4646; baseline 0 5"><span class='ocrx_word' id='word_1_314' title='bbox 0 0 1378 4646; x_wconf 95' lang='lat' dir='ltr'><strong> </strong></span> 
     </span>
    </p>
   </div>
  </div>
 </body>
</html>
