2758 4664
165 160 230 232 232
539 175 576 230 lle
592 175 682 230 Gauiis
700 175 932 232 matrimonialibus.

200 334 235 415 1)
258 333 571 416 „Siscporctiofieri
590 353 651 398 non
660 336 1085 418 possitohspucecmidclo.“
1116 333 1199 398 llaec
1212 333 1299 398 cleu-
1361 305 1362 310 ἵ

251 439 314 501 sula
337 442 453 520 agitare
475 456 535 502 non
557 437 646 500 dehet
667 438 898 519 confessarium,
922 459 989 502 cum
999 444 1051 502 vix
1066 444 1097 502 in
1111 444 1198 520 praxi
1214 438 1301 501 aliter

251 558 301 604 res
323 558 391 604 esse
414 545 516 620 possit.

186 636 232 726 ¹2)
255 645 455 726 „Certioroto
473 651 567 724 porte
588 647 626 708 dc
647 647 787 708 nullitate
794 648 915 726 prioris
929 649 1128 726 matrimonii,
1151 646 1238 726 „sed
1258 647 1304 708 ito

249 755 348 828 conte,
371 753 407 808 ot
427 752 564 810 arcteris
575 749 718 810 delictum
738 767 896 829 numnam
917 749 1157 830 capnoscotor.“
1184 745 1304 819 Quodsi

250 851 457 916 Confessarius
478 849 596 930 videat,
627 853 702 914 hanc
723 851 926 914 conditionem
949 851 1123 916 difficillime
1145 871 1219 916 esse
1242 857 1305 914 im-

250 953 399 1035 plendam,
423 952 454 1014 id
475 951 513 1015 ab
535 957 621 1018 initio
643 959 803 1036 exprimat,
826 954 875 1016 vel
903 961 1007 1035 postea
1030 957 1160 1035 scribat,
1185 963 1221 1018 ut
1245 956 1305 1020 ob-

250 1049 342 1120 tineat
364 1055 615 1136 dispensationem
637 1063 670 1120 in
692 1059 801 1122 radice.

191 1157 226 1237 3)
249 1159 407 1239 „uterquc
428 1160 509 1220 inter
530 1179 564 1222 se
593 1163 631 1223 dc
658 1181 738 1224 noco
768 1170 886 1224 secrete
915 1163 958 1225 ad
978 1165 1124 1226 evitando
1145 1163 1304 1226 scandolo

249 1261 431 1325 contrahere
453 1263 590 1343 ooleot‚“
613 1265 639 1328 h.
658 1283 686 1327 e.
709 1269 776 1328 sine
791 1270 960 1346 praesentia
977 1267 1097 1346 parochi
1119 1273 1150 1328 et
1166 1269 1301 1344 testium,

248 1371 274 1430 si
306 1364 519 1430 antecedenter
548 1385 649 1430 coram
685 1368 815 1448 parocho
853 1371 883 1428 et
916 1368 1042 1431 testibus
1063 1371 1303 1432 matrimonium

247 1473 381 1532 inierunt
392 1465 429 1543 ¹).

190 1571 228 1650 4)
251 1573 376 1653 Saepius
392 1576 551 1652 apponitur
573 1572 645 1650 „Ab
668 1577 786 1636 incestu
803 1591 902 1653 usque
926 1574 969 1635 od
982 1575 1199 1652 praesentium
1223 1591 1303 1633 cae-

248 1679 399 1737 cntionem
421 1673 534 1752 forsan
553 1677 658 1737 iterate¹
678 1675 818 1737 reatibus
841 1676 1030 1738 anctoritate
1042 1674 1229 1756 Apostolica
1242 1673 1302 1736 ab·

248 1780 394 1852 solccs“,·
415 1782 446 1839 vi
468 1778 555 1860 hujus
577 1777 727 1840 clausulae
749 1778 951 1841 confessarius
975 1783 1064 1840 etiam
1085 1782 1228 1840 iteratum
1251 1781 1302 1837 in-

246 1887 347 1945 cestus
369 1887 523 1962 peccatum
546 1884 700 1942 remittere
722 1885 833 1960 potest,
855 1881 936 1962 quod
957 1880 1031 1944 alias
1054 1879 1189 1944 sinehac
1213 1880 1301 1942 clau-

247 1981 316 2048 sula
338 1985 592 2066 dispensationem
615 1987 731 2046 irritam
754 1982 935 2062 redderet).

247 2087 298 2152 lll.
321 2087 538 2150 Convossarius
555 2104 639 2164 vero,
663 2092 711 2149 cui
726 2093 885 2152 commissa
906 2095 953 2150 est
964 2087 1197 2167 dispensationis
1221 2103 1299 2147 exe-

161 2191 260 2266 cutio,
292 2193 323 2252 in
345 2189 564 2270 dispensando,
598 2189 784 2253 absolutione
815 2189 1024 2255 sacramentali
1046 2193 1216 2270 impertita,
1247 2188 1301 2250 hac

160 2291 287 2356 formula
309 2296 351 2354 uti
368 2297 490 2372 poterit:
514 2291 577 2372 „Et
597 2296 722 2374 insuper
743 2297 920 2358 auctoritate
943 2293 1108 2373 apostolica
1131 2290 1204 2354 mihi
1223 2310 1300 2354 con-

160 2411 246 2458 cessa
278 2393 419 2474 dispenso
447 2401 546 2456 tecum
578 2413 668 2476 super
696 2391 912 2476 impedimento
939 2399 1035 2477 primi
1063 2398 1136 2471 (seu
1158 2396 1300 2472 secundi,

159 2516 215 2564 seu
236 2498 361 2560 secundi
391 2503 421 2560 et
444 2501 546 2578 primi)
574 2497 685 2582 gradus
708 2496 872 2579 affinitatis,
904 2501 1101 2579 proveniente
1123 2517 1165 2562 ex
1193 2499 1300 2580 copula

157 2601 299 2664 illicitae
329 2607 359 2662 te
386 2599 486 2662 habita
514 2621 582 2663 cum
613 2617 718 2662 sorore
747 2601 902 2680 mulieris,
934 2619 1002 2663 cum
1031 2618 1089 2682 qua
1120 2605 1299 2666 contraxisti

159 2708 225 2778 (aut
248 2702 426 2766 contrahere
448 2703 593 2776 intendis)
616 2710 648 2764 ut
660 2708 881 2766 matrimonium
904 2724 971 2766 cum
987 2705 1037 2768 illa
1060 2708 1196 2784 (rursus)
1221 2722 1298 2768 cou-

160 2805 277 2872 trahere
299 2809 417 2886 possis,
442 2810 603 2885 (renovato
626 2812 789 2883 consensu)
812 2812 843 2867 et
865 2808 999 2888 prolem,
1028 2812 1053 2870 si
1081 2825 1171 2888 quam
1194 2813 1297 2870 susci-

159 2913 223 2990 pies
246 2909 310 2982 (vel
332 2911 503 2989 suscepisti)
526 2909 689 2992 legitimam
712 2909 842 2990 declaro,
866 2915 898 2972 in
922 2911 1148 2973 nominePatris
1172 2915 1231 2974 etc.
1259 2945 1294 2955 —

161 3011 263 3074 Passio
274 3011 395 3075 Domini
407 3007 497 3088 etc.³)
521 3011 606 3089 „Aut
617 3011 761 3074 brevius“
772 3011 961 3076 Auctoritate
977 3014 1140 3092 apostolica
1150 3013 1295 3093 dispenso

160 3119 260 3176 tecum
283 3131 374 3194 super
394 3114 656 3196 impedimentum,
692 3116 770 3196 quod
798 3117 972 3194 incurristi,
1007 3122 1039 3178 ut
1071 3119 1295 3178 matrimonium

159 3219 237 3278 inire
260 3216 326 3293 (vel
346 3220 452 3279 initum
482 3218 643 3297 perlicere)
672 3219 788 3295 veloce,
822 3223 853 3279 et
874 3219 1038 3301 legitimam
1061 3219 1154 3282 reddo
1179 3218 1294 3298 prolem

159 3325 327 3399 susceptam
351 3319 414 3396 (vel
436 3322 669 3402 suscipiendam)
691 3325 723 3384 in
748 3325 870 3386 nomine
893 3321 987 3386 Patris
1010 3325 1067 3384 etc.
1102 3319 1205 3384 Passio
1229 3321 1294 3382 Do-

159 3426 231 3484 mini
254 3426 349 3486 nostri
371 3423 445 3488 Jesu
467 3423 575 3486 Christi
598 3420 728 3503 etc.“⁴).

161 3593 365 3608 Q—-n-nnu-

125 3709 130 3714 ’
185 3694 208 3762 ¹)
226 3693 287 3746 lnst.
304 3695 369 3747 Past.
388 3695 456 3762 Eyst.
477 3715 501 3764 p.
520 3697 578 3750 331.

187 3781 210 3846 ²)
228 3781 288 3832 lnst.
306 3793 370 3850 past.
389 3781 458 3848 Eyst.
478 3800 503 3850 p.
522 3783 580 3834 332.

185 3865 208 3930 ³)
226 3865 251 3918 S.
269 3865 322 3936 lig.
340 3865 420 3918 llomo
438 3869 524 3936 Apost.
543 3867 574 3920 de
592 3878 662 3924 metr.
681 3887 703 3924 c.
723 3873 746 3923 2.
766 3875 789 3926 t.
808 3887 833 3923 n.
851 3873 893 3926 89.

186 3947 209 4021 ⁴)
227 3949 305 4022 Gury,
324 3968 349 4006 n.
369 3953 442 4012 1561.
