2736 4660
588 169 779 228 immolarint
858 103 860 106 Ι
1193 103 1257 224 Ι405

117 337 170 396 aut
191 331 228 397 ab
249 330 406 413 Episcopo,
452 328 483 393 Si
506 335 604 418 antem
627 329 683 393 hos
706 330 800 414 fugiat
823 331 982 411 exaliqua
1008 346 1097 393 causa
1110 375 1118 407 ,
1144 345 1200 392 nec
1222 330 1257 392 ad

117 435 380 499 Paenitentiariam
404 433 546 516 hlajorem
570 432 742 494 immediate
765 435 899 496 seribere
922 435 1011 510 velit,
1041 436 1151 514 poterit
1174 437 1254 494 sori-

116 539 190 602 bere
213 537 249 600 ad
271 555 363 600 unum
386 555 425 600 ex
448 535 689 616 procuratoribus
712 533 910 598 Generalibus
930 534 1083 600 Ordtnum.

116 753 159 827 ΙΙ.
189 753 409 825 llormulae
434 773 509 853 pro
538 751 639 824 aliis
667 751 835 824 litteris
859 750 1256 824 matrimonialibus.

155 937 182 1004 1)
205 935 333 994 Forma
349 931 490 1008 petendi
507 921 812 1007 proclamationes,
828 931 969 1024 quando
983 947 1032 992 eae
1043 929 1223 996 faciendae

153 1021 236 1081 sunt
253 1019 291 1079 in
308 1017 386 1080 aliis
403 1015 577 1092 parochiis
583 1017 861 1166 chlheherhthorffum'
879 1018 940 1077 ubi
958 1016 1222 1077 matrimonium
1288 1047 1293 1059 ·

204 1243 278 1306 latta
306 1259 407 1304 coram
431 1258 479 1302 me
502 1239 652 1320 sponsalia
682 1244 760 1302 later
783 1239 940 1303 honestum
959 1241 1102 1322 juvenem
1128 1240 1258 1302 Bernar-

118 1346 190 1412 dum
212 1345 260 1424 N.‚
284 1344 376 1407 lilium
389 1341 567 1427 legitimum
584 1342 687 1406 latobi
705 1340 738 1405 N.
762 1349 792 1403 et
807 1341 1003 1426 Magdalenae
1027 1343 1073 1421 N.‚
1098 1342 1258 1424 paroehia-

119 1468 191 1511 num
210 1466 320 1522 meum,
345 1452 375 1508 et
391 1445 546 1508 honestam
562 1443 750 1534 Apolloniam
763 1445 810 1520 N.‚
832 1445 920 1507 liliam
940 1446 1103 1530 legitimam
1117 1445 1257 1508 Andreae

116 1551 154 1612 N.
178 1557 209 1611 et
232 1549 365 1612 Helenae
387 1549 442 1626 N.‚
473 1548 682 1631 parochianam
712 1553 807 1624 tuam,
840 1548 906 1624 tibi,
937 1547 1114 1611 Reverende
1144 1548 1257 1622 Frater,

118 1652 204 1715 hisce
226 1651 377 1735 significo,
401 1659 433 1715 nt
454 1671 508 1736 pro
531 1658 580 1715 tua
605 1655 689 1730 parte
700 1651 861 1713 consuetas
875 1652 1134 1734 promulgationes
1157 1652 1256 1714 iacias.

118 1755 164 1817 De
188 1756 295 1836 quibus
318 1761 447 1835 peractis
469 1774 504 1816 ac
527 1754 564 1816 de
586 1753 802 1834 impedimento
810 1799 819 1831 ,
853 1757 878 1815 si
901 1753 979 1836 quod
1004 1753 1131 1818 iortnssa
1154 1755 1254 1830 lateat,

118 1863 170 1920 aut
193 1857 341 1943 detectum
366 1857 466 1936 luerit,
490 1876 538 1919 me
556 1861 587 1918 in
605 1861 740 1937 tempore
756 1861 915 1918 certiorem
933 1854 1024 1919 lacius
1037 1863 1104 1920 esto
1122 1851 1274 1940 rogatus'

1075 1982 1110 2044 N.
1133 1982 1169 2045 N.

181 2135 211 2200 t)
229 2131 368 2192 Littera
386 2129 639 2190 testimoniales
655 2129 784 2205 junctas
803 2143 884 2192 cum
902 2131 1187 2194 dimissoralibus.

202 2267 356 2350 Sponsalia
386 2273 465 2330 inter
494 2267 652 2330 honestum
678 2269 822 2350 juvenem
853 2269 916 2343 (vel
940 2268 1084 2342 Vidnumt
1107 2271 1253 2344 loannem

115 2371 164 2450 N.‚
189 2377 321 2435 sutorem
345 2377 376 2432 et
397 2369 536 2452 pudicam
560 2373 708 2454 virginem
732 2371 848 2434 Annam
860 2370 907 2449 N.‚
930 2370 1141 2454 parochianam
1155 2390 1253 2460 meam

113 2477 188 2535 inita
220 2473 326 2536 tribus
343 2473 491 2536 distinctis
514 2471 630 2536 vicibus
659 2477 689 2535 in
719 2473 848 2536 ecclesia
880 2473 980 2556 hujate
1010 2473 1173 2556 parochiali
1195 2479 1253 2537 rite

113 2575 285 2638 denuntiata
305 2575 409 2654 inisse,
428 2575 602 2656 nullumque
617 2575 860 2656 impedimentum
872 2581 1051 2640 canonicum
1068 2581 1252 2653 innotuisse3

113 2685 279 2759 praeterea,
303 2695 444 2758 sponsum
459 2678 543 2740 illum
562 2680 987 2754 (sacramentisPaenitentiae
1008 2685 1036 2740 et
1048 2679 1252 2742 Eucharistiae
1347 2727 1351 2750 ,

108 2783 173 2862 jam
196 2779 359 2857 refectum)
390 2779 427 2844 ad
450 2763 631 2843 connubium
654 2785 684 2842 io
709 2765 847 2861 parochia
874 2801 1003 2864 sponsae
1033 2771 1083 2844 aut
1105 2781 1175 2844 alibi
1197 2797 1251 2862 pro
1291 2835 1294 2851 .

112 2883 257 2946 arbitratu
279 2882 515 2946 contrahendum
540 2903 556 2946 a
579 2901 627 2944 me
647 2881 731 2946 hisce
754 2883 909 2949 dimissum
932 2904 1010 2960 esse,
1039 2891 1184 2948 consueto
1206 2888 1252 2947 si-

112 2986 187 3069 gillo
198 2983 361 3068 parochiali
377 2989 514 3068 apposito
527 3003 674 3067 meaeque
685 2991 780 3066 ipsius
796 3005 902 3050 manus
916 2979 1134 3068 subscriptione
1145 2992 1249 3050 testor.
1325 2999 1326 3004 ’

201 3087 336 3170 Eystadii
359 3086 408 3149 die
426 3085 459 3151 -6,
484 3087 558 3151 Nov.
585 3086 675 3152 1859.
1029 3141 1031 3144 .
1071 3090 1105 3152 N.
1128 3089 1163 3154 N.

247 3257 275 3323 3)
296 3253 436 3314 Littera
454 3252 706 3314 testimoniales
724 3252 767 3312 de
785 3255 878 3317 iacta
895 3256 1125 3332 copulatione.
1191 3310 1192 3313 ,
1240 3245 1242 3250 ’

201 3391 369 3455 conradum
398 3390 433 3454 N.
467 3397 497 3452 et
527 3390 646 3454 l'anlam
678 3390 712 3456 N.
745 3395 791 3458 in,
807 3391 946 3470 parochia
977 3411 1041 3454 mea
1073 3393 1248 3470 habitantes,

114 3496 285 3574 praemissis
308 3492 584 3562 denuntiationibus
601 3497 803 3575 praescriptis,
827 3493 945 3574 publice
960 3498 992 3558 in
1009 3494 1085 3556 facie
1096 3493 1249 3557 Ecclesiae

113 3613 129 3656 a
153 3613 200 3656 me
224 3593 353 3676 parocho
376 3600 408 3658 in
431 3641 438 3654 .
526 3645 532 3660 .
557 3643 572 3659 a
591 3596 847 3684 unatrimonialiter
875 3597 1029 3680 copulatos
1052 3597 1136 3674 esse,
1166 3597 1248 3658 bisce

46 3761 55 3775 ,
113 3699 220 3761 litteris
250 3699 499 3764 testimonialibus
520 3698 663 3779 attestor,
692 3699 792 3783 sigillo
820 3697 980 3778 parochiali
1008 3698 1182 3782 obsignatis.

1060 3823 1095 3888 N.
1124 3823 1162 3887 Ν.-
