2764 4664
183 243 248 312 272
554 259 592 314 iic
609 257 786 314 celebratione
803 257 960 328 Nuptiarum.

127 449 132 468 ·
184 438 271 506 gram
293 437 349 484 suo
371 435 483 500 sponso
507 423 633 498 tenens,
665 421 696 481 in
719 433 793 499 pace
816 423 847 479 et
874 416 1029 482 voluntate
1059 421 1109 480 tua
1137 419 1324 498 permaneat,

184 529 276 606 atque
297 527 329 586 in
351 527 454 586 mutua
475 519 621 586 charitate
642 539 763 603 semper
778 525 866 585 vivat.
911 520 967 583 Per
989 519 1136 584 Christum
1160 520 1324 584 Dominum

183 631 329 692 nuruum.
373 629 406 708 ii.
430 623 536 688 Amen.

188 754 191 760 ’
269 728 387 794 Deinde
410 735 552 813 aspergat
573 727 723 794 Sacerdos
744 728 886 790 annulum
916 747 992 811 aqua
1016 727 1172 790 benedicta
1195 731 1228 789 in
1252 743 1324 788 mo-

184 831 255 898 durn
278 836 394 914 crucis,
417 837 449 894 et
471 848 601 913 sponsus
623 837 780 914 acceptum
808 831 949 894 annulum
980 832 1017 894 de
1040 851 1128 895 manu
1150 829 1326 896 Sacerdotis

67 955 75 970 ¹
183 939 310 1018 imponit
341 939 373 998 in
396 934 492 1020 digito
515 927 650 998 annulari
684 939 823 998 sinistrae
846 953 951 998 manus
981 953 1128 1018 sponsae,
1159 931 1326 997 Sacerdote

184 1039 321 1104 dieentes
351 1035 384 1099 in
408 1041 529 1102 nomine
551 1037 645 1100 Patris
666 1042 688 1111 †
710 1045 742 1101 et
763 1039 828 1102 Filii
857 1043 888 1100 et
910 1038 1037 1120 Spiritus
1055 1038 1167 1103 Sancti.
1213 1036 1325 1100 Amen.

271 1139 321 1206 IV.
343 1141 414 1204 Mox
436 1139 650 1224 subjungat:¹)

8 1315 17 1324 ,
123 1225 146 1250 ”’
210 1241 251 1318 ti:
275 1244 425 1310 Confirma
446 1242 520 1323 hoc,
545 1244 644 1322 Deus,
666 1243 747 1326 quod
769 1250 911 1327 operatus
933 1263 968 1308 es
989 1250 1022 1307 in
1045 1243 1142 1310 nohis.
1189 1277 1191 1280 ·

107 1359 111 1370 '
205 1355 239 1432 it.
270 1347 431 1430 Atempio
454 1352 558 1412 sancto
580 1354 648 1428 tuo,
673 1346 754 1428 quod
776 1353 822 1411 ast
840 1353 872 1410 in
894 1347 1077 1411 ierusalem.

270 1451 362 1533 Kyrie
384 1450 510 1530 eleison,
534 1449 650 1514 Christe
674 1450 790 1515 eleison
796 1469 806 1528 ;
829 1451 921 1532 Kyrie
942 1451 1066 1515 eleison.
1095 1451 1183 1516 Pater
1208 1453 1325 1512 noster.

168 1551 171 1559 ’
206 1551 241 1628 ii.
270 1554 308 1618 Et
330 1572 369 1618 ne
392 1571 447 1618 nos
468 1552 593 1618 inducas
614 1558 647 1618 in
669 1559 877 1618 tentationem.
924 1635 926 1638 Ι
1230 1559 1233 1562 ’

207 1665 242 1741 ip.
272 1656 332 1721 Sed
353 1656 446 1721 libera
469 1673 525 1719 nos
547 1677 565 1720 a
587 1658 675 1721 malo.

207 1757 241 1834 ti.
270 1760 375 1826 Salvos
397 1759 445 1824 iac
466 1777 572 1824 servos
594 1765 672 1824 tuos.

207 1871 241 1948 tt.
269 1865 352 1929 Deus
374 1879 476 1943 meus,
505 1869 662 1945 sperantes
683 1867 715 1925 in
738 1866 777 1926 ie.
802 1856 805 1861 ’

255 2149 342 2186 eorum
356 2133 502 2204 junguntur.
524 2132 601 2188 Porro
619 2133 705 2186 scribit
722 2133 788 2188 idem
806 2143 895 2187 auctor
912 2134 928 2186 1.
947 2151 983 2186 c.r
1006 2133 1120 2198 „Quarto
1138 2134 1217 2204 digito
1237 2151 1324 2186 annu-

220 2237 228 2242 ·
255 2217 295 2272 lus
318 2221 451 2285 inseritur,
476 2220 542 2292 quod
561 2223 586 2271 in
610 2237 640 2272 ea
659 2237 724 2274 vena
747 2219 887 2290 quaedam,
910 2231 938 2274 ut
960 2223 1053 2286 fertur,
1074 2224 1205 2290 sanguinis
1229 2221 1263 2274 ad
1281 2236 1325 2272 cor

255 2322 335 2377 usque
358 2309 497 2374 perveniat.
514 2335 549 2346 —
566 2305 647 2370 Quam
671 2308 817 2374 opinionem
840 2324 861 2358 s.
879 2307 990 2360 Isidorus
1014 2325 1045 2360 ex
1062 2307 1128 2360 Anio
1147 2305 1229 2358 Gellio
1253 2306 1325 2358 deri-

252 2407 327 2446 vasse
345 2391 459 2459 ridetur3
477 2391 518 2444 hic
536 2394 603 2444 enim
621 2391 654 2444 de
671 2391 719 2444 hac
737 2409 764 2444 re
782 2395 818 2446 uic
836 2392 942 2446 scribut:
970 2393 1092 2458 „Veteres
1107 2392 1218 2446 Graecos
1238 2409 1325 2444 aunu-

252 2477 305 2530 ium
323 2478 440 2532 hnbumse
457 2480 484 2531 in
502 2477 581 2548 digito
600 2479 744 2546 accepimus
762 2481 878 2532 sinistrae
896 2496 999 2544 munus,
1020 2481 1063 2549 qui
1080 2481 1186 2532 minimo
1205 2485 1245 2530 est
1263 2493 1326 2546 prn-

252 2565 611 2634 ximns51iomanoaquoque
629 2563 754 2630 homines,
773 2565 853 2631 ajunt,
868 2568 906 2618 sic
924 2565 1073 2634 pierumque
1091 2565 1192 2616 annulis
1209 2565 1325 2616 usitatos.

255 2648 365 2704 cauum
384 2651 459 2718 hujus
478 2653 514 2702 rai
527 2651 627 2720 Appion
645 2652 671 2701 iu
689 2650 758 2704 libris
776 2653 931 2722 aegyptiacis
949 2651 1015 2704 hanc
1034 2651 1102 2716 dicit,
1120 2650 1188 2722 quod
1207 2652 1234 2701 in
1248 2652 1325 2701 sectis

254 2739 399 2806 apertisque
421 2736 537 2790 humanis
563 2735 726 2806 corporibus,
749 2745 776 2788 nt
802 2753 855 2788 mes
881 2739 906 2788 in
924 2737 1041 2806 Aegypto
1065 2737 1124 2801 tuit,
1149 2753 1214 2806 quoa
1234 2735 1323 2788 Graeci

254 2831 386 2876 anatemos
403 2821 541 2891 appeliant,
559 2830 686 2890 repertum
705 2831 761 2887 est,
780 2839 886 2876 nervum
904 2821 1030 2893 quendam
1048 2825 1222 2874 tenuissimum
1242 2821 1275 2874 ab
1293 2837 1322 2872 eo

254 2924 307 2962 uno
323 2908 412 2978 digito,
430 2907 462 2960 de
480 2922 530 2977 que
548 2907 666 2974 diximus,
683 2907 715 2961 ad
733 2907 840 2960 hominis
857 2925 901 2962 cer
918 2925 1024 2978 pergere
1043 2917 1067 2960 et
1081 2911 1223 2977 pervenire.
1243 2905 1324 2975 Prop-

253 3001 324 3048 terea
341 3011 393 3048 nen
411 2995 527 3046 inscitum
540 2995 621 3046 vuum
639 3011 696 3048 esse
713 3011 770 3048 eum
785 2997 941 3063 potissimum
954 2995 1060 3064 digitum
1075 2995 1197 3064 eligere.“
1215 2993 1324 3059 l'hpsio-

234 3135 238 3142 ,
257 3078 325 3150 logia
342 3089 426 3133 tamen
444 3079 567 3132 hodierna
584 3077 632 3132 hoc
650 3079 742 3149 rejicit;
760 3096 808 3132 nec
826 3079 944 3134 Clemens
961 3081 1032 3134 Alex.
1051 3082 1083 3132 de
1101 3081 1149 3133 irae
1166 3081 1325 3148 expositione

257 3167 410 3219 mentionem
427 3165 501 3230 iacit,
525 3165 570 3217 sed
588 3173 689 3231 censet,
711 3167 832 3220 annulum
849 3168 943 3234 portari
962 3169 988 3218 in
1007 3175 1096 3236 quarto
1118 3166 1198 3234 digito
1222 3171 1326 3233 prepter

256 3249 378 3317 majorem
396 3249 610 3317 commoditatem
633 3253 676 3304 alii
694 3251 795 3316 dicunt,
818 3253 905 3306 haberi
923 3251 1044 3304 annulum
1067 3254 1093 3304 in
1111 3253 1214 3302 sinistra
1238 3267 1325 3317 uranu,

257 3339 317 3408 quia
334 3352 379 3390 tur
396 3338 472 3390 situm
490 3344 528 3388 est
546 3337 571 3390 in
589 3339 691 3391 sinistro
709 3338 787 3392 latere
804 3340 931 3406 corporis3
955 3338 1010 3402 alii,
1034 3346 1063 3390 ut
1079 3340 1116 3390 sic
1133 3337 1244 3390 anrruius
1264 3354 1323 3405 pro·

198 3445 201 3452 ·
254 3423 339 3476 nubas
356 3423 525 3492 distinguatur
542 3422 573 3475 ab
591 3423 686 3476 annulo
705 3425 827 3492 episcopi,
844 3427 887 3494 qui
905 3441 962 3478 eum
981 3423 1057 3476 habet
1074 3426 1099 3476 iu
1117 3423 1219 3476 dextera
1238 3440 1323 3476 uranu.

255 3508 285 3562 ln
308 3509 422 3580 pluribus
445 3509 507 3564 locis
530 3509 581 3562 duo
599 3508 641 3562 vel
665 3518 716 3562 tres
740 3510 826 3562 annuli
844 3511 870 3562 in
888 3525 937 3562 usu
959 3511 1075 3574 inerunt,
1099 3518 1124 3562 et
1147 3509 1233 3572 adhuc
1257 3518 1323 3573 sunt,

255 3611 351 3664 sponsa
368 3597 443 3648 etiam
461 3596 584 3648 annulum
602 3591 678 3648 dante
695 3610 796 3663 sponso.
813 3595 902 3648 siuet.
920 3594 936 3647 i.
948 3611 970 3647 c.
987 3594 1108 3648 Binterim
1126 3596 1142 3650 i.
1158 3612 1181 3650 c.
1198 3596 1322 3668 Bingiram

185 3745 186 3748 Ἴ
255 3689 353 3748 censet,
371 3683 458 3752 primis
475 3681 582 3736 saeculis
595 3682 763 3736 ceremoniam
781 3681 869 3734 munii
882 3686 980 3733 tanturn
998 3682 1139 3734 interritus
1157 3681 1322 3750 sponsalium,

253 3783 306 3820 nen
331 3769 397 3820 iuter
419 3769 482 3820 ritus
504 3769 650 3838 nuptiarum
668 3765 805 3820 adhibitam
829 3767 914 3824 tunae.
950 3765 1080 3838 Origenes.
1102 3767 1280 3822 Ecclesiam.
1299 3770 1320 3820 t.

252 3851 297 3906 tib.
314 3853 356 3906 ²².
374 3869 397 3907 c.
432 3889 440 3908 .

214 3937 236 4008 ¹)
254 3938 391 4080 {offitia
408 3854 509 4012 saemper
526 3939 652 4008 dicentur,
670 3939 746 3998 etiam
763 3941 790 3994 in
807 3939 858 3994 iiiia
874 3941 985 4012 nuptiis,
1010 3955 1076 4012 quae
1094 3955 1145 3994 non
1163 3947 1225 3994 runt
1241 3938 1318 3994 bant·

283 4039 297 4078 c
364 4041 388 4080 e.
