2746 4646
284 173 321 240 Do
338 179 522 250 inpedimentis
540 149 726 238 matrimonium
744 179 954 243 &mentitum
1053 153 1060 162 ¹
1133 159 1192 236 145

47 338 136 400 carot
164 353 226 476 pon
254 337 353 402 sotum
370 343 417 416 is,
450 344 501 422 qui
523 340 635 406 iactum
660 345 771 421 nescit,
793 337 849 406 sod
872 341 902 402 et
922 340 968 416 ts,
1003 340 1054 418 ott
1074 339 1108 408 tn
1125 337 1200 418 iure

48 445 166 507 errarit
189 446 211 519 ).

380 675 413 748 2)
431 676 656 753 cognationis
674 675 873 753 spiritualis.

137 789 162 851 1.
186 788 332 874 Cognatio
354 791 517 872 spiritualis
544 797 590 855 est
612 795 818 874 propinquitas
847 795 913 852 orta
935 805 975 849 ex
996 787 1143 869 baptismo
1165 792 1197 848 et

46 892 281 956 confirmatione
310 895 389 957 inter
419 901 517 960 certas
547 913 691 977 personas
722 901 753 957 tn
768 895 849 977 ‘Jure
876 895 1020 955 canonico
1048 891 1197 954 determi-

47 1002 145 1060 natas.
164 988 171 993 “
192 996 255 1060 Hoc
286 997 551 1079 impedimentum,
581 999 662 1082 quod
686 1000 771 1080 juxta
802 1015 909 1062 ornnes
941 999 1038 1060 oritrrr
1069 1009 1109 1056 ex
1131 993 1196 1058 sola

47 1099 121 1183 lege
144 1101 359 1179 ecclesiastiea,
382 1105 504 1182 antiquo
522 1103 593 1184 jure
616 1103 653 1166 ad
678 1103 778 1184 plures
797 1116 940 1182 personas
963 1097 1191 1175 extendebatur,

40 1202 116 1282 jure
149 1207 248 1265 tamen
285 1215 363 1267 novo
396 1203 521 1267 concurr
550 1203 757 1281 tridentini‘)
794 1205 831 1268 ad
866 1201 996 1268 tollenda
1025 1203 1196 1264 animarum

46 1305 196 1385 pericula,
219 1305 357 1370 scandala
379 1307 498 1388 aliaque
519 1307 720 1388 incommoda,
745 1326 821 1390 quae
844 1325 883 1370 ex
898 1307 1088 1390 cognationis
1106 1307 1194 1366 istius

45 1413 140 1470 nimis
164 1407 222 1471 late
245 1413 389 1474 extensae
410 1415 580 1496 ignorantia
602 1417 634 1474 in
656 1411 791 1475 Ecclesia
814 1415 878 1474 orta
901 1415 981 1484 sunt,
1004 1411 1045 1470 ita
1068 1393 1195 1470 restria·

47 1517 114 1574 tum
138 1517 194 1591 est,
219 1517 252 1574 ut
272 1517 469 1595 imposterum
485 1519 708 1579 matrimonium
731 1517 848 1578 rationo
870 1513 1008 1594 baptismi
1031 1527 1093 1574 non
1112 1509 1195 1573 urn-

46 1622 158 1694 matur,
182 1617 239 1678 nisi
265 1615 296 1693 i)
318 1621 398 1680 inter
421 1623 568 1700 patrinum
591 1621 641 1682 vel
665 1623 821 1680 matrinam
845 1623 875 1678 et
896 1615 1078 1696 baptizatum
1086 1620 1192 1694 „tan-

46 1737 140 1800 quam
162 1723 243 1781 inter
265 1725 365 1800 patres
388 1727 420 1783 et
441 1721 519 1786 filios
543 1723 592 1786 rel
614 1721 690 1785 filias
712 1719 897 1802 spirituales,
932 1717 968 1797 2)
991 1722 1074 1780 inter
1094 1717 1195 1798 bapti·-

44 1827 170 1884 zantem
200 1827 230 1884 et
260 1805 457 1904 baptizatum,
492 1823 527 1905 3)
552 1829 631 1888 inter
659 1825 860 1906 baptizantem
889 1821 938 1884 vel
967 1825 1117 1901 patrinum
1139 1837 1195 1883 sou

45 1929 207 1988 matrinam
230 1922 274 1988 ex'
291 1943 359 2003 una,
385 1932 415 1988 et
425 1927 564 2008 baptizati
588 1934 702 2010 patrem
725 1947 761 1991 ac
778 1933 903 1992 matrem
927 1941 967 1987 ex
983 1924 1075 1986 altera
1092 1926 1194 2004 parte,

42 2028 153 2093 relatio
176 2029 288 2110 patrini
307 2035 337 2091 et
359 2028 537 2111 baptizantis
559 2030 597 2094 ad
611 2029 792 2113 baptizatum
805 2032 993 2113 paternitas,
1018 2026 1055 2090 ad
1079 2044 1194 2108 paren-

42 2136 92 2194 tes
121 2131 262 2212 baptizati
295 2137 537 2215 compaternitas
565 2131 737 2212 vocatur³).
789 2133 872 2197 ldcm
902 2131 966 2194 vult
987 2147 1021 2194 ·s.
1052 2127 1203 2211 Synodus

31 2508 33 2512 Ι
70 2439 96 2507 ¹)
114 2439 254 2510 Sobmalag.
274 2437 317 2493 lib.
335 2441 359 2493 4.
379 2442 417 2494 tit.
437 2440 477 2496 u.
495 2443 520 2509 ς.
540 2442 563 2496 i.
581 2459 606 2496 n.
624 2443 665 2496 et.
723 2465 726 2470 ·

67 2527 94 2594 ²)
112 2526 181 2580 aaa.
200 2527 242 2579 24.
259 2543 282 2579 o.
301 2527 326 2579 2.
344 2525 377 2578 da
394 2527 497 2585 retorna.
515 2531 624 2584 mamm.

74 2612 99 2680 ³)
117 2609 183 2666 ilino
200 2611 251 2666 duro
269 2611 400 2676 bornduli,
420 2621 446 2666 ct
463 2617 548 2684 spacia
566 2623 639 2669 mnus
657 2611 789 2668 versieulis

296 2697 447 2770 baptizans,
465 2700 604 2770 baptizatus
622 2699 791 2770 baptizatique
817 2704 944 2766 parentes.

304 2777 305 2783 ¹
358 2785 466 2864 Levana,
483 2787 590 2852 levatus,
608 2786 734 2858 levatique
753 2792 877 2854 parentes.
988 2848 989 2856 ἵ

401 2873 509 2927 Schema
527 2875 683 2944 cognationis
702 2871 846 2942 spiritualis.

256 2955 357 3000 Potttacr
467 2959 586 3013 Bcpttaonr
598 2971 633 3004 sau
648 2959 782 3012 watonem
875 2953 975 3000 loom·

258 3963 325 4006 Patra
460 3958 630 4016 Bapttcotorcat
643 3956 785 4010 Garutrmotm
893 3951 977 4004 'uara
1049 3921 1056 4005 ,Δ
1082 3923 1085 3933 “

92 4048 292 4092 mmmmm.
948 4029 988 4096 10
