2758 4664
171 179 232 248 168
413 194 451 248 Da
467 194 654 264 impedimenti·
672 197 859 248 matrimonium
877 194 1062 252 dirimentibus·

118 365 124 372 '
202 354 233 428 i)
254 352 407 416 Abductio
429 351 520 414 debet
542 353 776 426 osse‘oioleato,
798 356 863 414 sive
881 352 1024 416 uiolentia
1048 357 1087 415 sit
1111 352 1233 434 physica
1256 367 1310 432 per

255 472 395 519 manuum
408 456 604 536 injectionem
615 461 667 518 aut
681 454 802 518 moralis
816 472 1005 538 pergratam
1016 461 1128 518 metum
1139 456 1189 518 vel
1200 474 1312 538 graves

256 563 367 635 minae,
391 562 456 620 sive
479 575 533 636 per
555 575 598 632 se,
621 563 686 620 sive
709 574 764 638 per
784 557 875 623 alium
897 557 1009 632 illaias3
1037 558 1123 636 binc,
1147 563 1173 620 si
1199 559 1312 620 femina

134 650 135 654 ¹
255 662 350 724 libere
364 666 394 722 et
408 663 614 737 consentiens,
638 663 740 722 invitis
762 663 852 721 ettam
866 661 1052 740 parentibus,
1076 679 1145 724 cum
1167 667 1235 723 viro
1253 680 1314 723 au-

255 764 383 847 fugerit,
406 765 628 826 matrimonium
648 767 806 843 proptorea
825 781 881 826 uec
895 762 1065 843 impeditur,
1090 782 1146 826 aec
1164 768 1313 826 irritatur.

200 867 236 945 2)
259 866 372 946 Raptus
394 864 484 928 debet
506 883 575 928 esse
596 866 743 928 abductio
765 884 783 926 e
805 864 873 928 loco
894 870 958 928 tuto
980 871 1011 926 in
1033 867 1132 928 locum
1159 873 1315 928 remotio-

258 987 324 1031 rem
346 967 499 1030 moraliter
513 968 676 1046 diversum,
700 971 765 1030 sive
781 971 808 1028 is
831 968 914 1030 lucus
931 971 1059 1047 raptoris
1074 986 1130 1032 seu
1143 974 1313 1032 amicorum

207 1063 208 1066 '
259 1074 312 1148 sit,
343 1069 505 1134 dummodo
534 1069 645 1133 semina
668 1074 728 1130 vim
753 1073 811 1148 pati
835 1076 1006 1144 censeatur3
1036 1071 1105 1133 binc
1128 1077 1153 1133 si
1179 1090 1315 1152 persona

259 1173 298 1235 de
327 1172 463 1236 cubiculo
486 1177 518 1236 in
546 1172 714 1234 cubiculum
744 1171 878 1252 eiusdem
909 1173 1031 1251 domus,
1062 1175 1110 1238 vel
1132 1179 1168 1236 in
1187 1175 1315 1236 domum

259 1280 388 1339 vicinam
411 1282 462 1338 aut
475 1281 593 1356 reperta
616 1280 646 1336 in
669 1293 743 1357 agro
764 1293 818 1355 per
839 1275 953 1356 aliquot
971 1291 1076 1356 passus
1094 1295 1110 1338 a
1126 1283 1174 1340 via
1194 1277 1317 1357 publica

259 1379 433 1454 abducatur,
455 1396 515 1440 non
534 1382 592 1440 erit
614 1383 725 1458 raptus,
750 1378 970 1456 multominus,
991 1371 1023 1441 si
1041 1381 1150 1442 lomina
1171 1379 1316 1441 detinea-

260 1489 311 1544 tur
332 1501 386 1563 per
407 1481 583 1543 violentiam
606 1484 638 1540 in
661 1483 779 1562 propria
808 1479 915 1556 domo;
943 1485 974 1544 in
996 1480 1054 1544 hoe
1082 1499 1156 1546 casu
1177 1481 1317 1562 impedi-

261 1590 393 1646 mentum
416 1587 463 1646 vis
486 1589 536 1646 aut
558 1588 656 1646 metus
677 1587 790 1646 incurri
813 1589 921 1663 potest.

204 1687 240 1764 3)
263 1685 374 1767 Synod.
398 1685 477 1748 Trid.
501 1685 688 1750 solummodo
711 1687 843 1765 loquitur
864 1686 902 1748 de
925 1688 1065 1764 muliere3
1088 1689 1157 1752 binc
1178 1688 1318 1768 impedi-

262 1795 393 1850 mentum
417 1795 519 1869 raptus
542 1807 604 1852 non
625 1792 798 1866 incurritur,
823 1793 848 1850 si
873 1790 979 1852 mulier
1001 1795 1096 1870 rapiat
1117 1796 1233 1870 virum,
1260 1791 1318 1852 sed

261 1892 389 1956 fortasse
417 1895 664 1972 impedimentum
686 1895 732 1954 vis
761 1897 792 1951 et
814 1898 927 1966 metus;
955 1897 1079 1973 insuper
1107 1892 1181 1954 nibil
1203 1891 1317 1970 differt,

261 1994 333 2058 num
356 1999 437 2074 rapta
461 1994 569 2056 mulier
590 1997 629 2056 sit
646 1998 744 2078 virgo,
769 2010 823 2054 seu
846 1994 916 2070 sibi,
939 2013 993 2056 seu
1012 1995 1098 2058 alteri
1122 1995 1316 2076 desponsata,

263 2114 302 2168 an
331 2097 425 2176 pubes
451 2083 510 2158 'seu
539 2097 690 2177 impubes,
722 2096 811 2158 vidua
833 2097 881 2158 vel
904 2097 1080 2180 conjugata,
1112 2106 1163 2162 aut
1191 2101 1230 2162 ab
1258 2100 1318 2161 alia

265 2205 402 2279 corrupta
426 2199 474 2260 vel
496 2198 627 2280 alioquin
648 2196 808 2261 inhoneste
827 2203 943 2277 vivens,
967 2203 1035 2280 quia
1058 2204 1134 2262 ratio
1154 2201 1233 2284 legis
1257 2207 1316 2279 est,

262 2308 295 2366 ut
317 2307 455 2366 servetur
479 2301 594 2364 mulieri
618 2306 787 2382 cuicunque
815 2302 902 2381 plena
925 2306 1104 2366 matrimonii
1128 2303 1263 2364 libertas.

208 2405 243 2482 l)
268 2406 361 2468 Durat
395 2403 452 2466 boo
482 2403 744 2484 impedimentum,
780 2404 922 2486 quamdiu
956 2404 1068 2468 femina
1100 2410 1131 2466 in
1163 2411 1319 2484 potestate

264 2512 391 2589 raptoris
413 2509 514 2568 existit
536 2523 592 2568 nec
616 2512 679 2570 tuto
704 2508 771 2570 loco
800 2513 846 2570 est
868 2507 1003 2582 reddito;
1035 2513 1188 2588 postquam
1213 2515 1318 2570 autem

265 2619 351 2674 extra
373 2615 550 2689 potestatem
569 2615 696 2690 raptoris
718 2615 878 2674 constituta
899 2611 993 2675 libere
1016 2614 1182 2687 consentit,
1208 2614 1321 2671 matri-

267 2719 399 2778 monium
423 2718 481 2774 erit
502 2712 641 2777 validum.
1293 2699 1296 2703 ’

207 2819 243 2893 5)
267 2818 378 2896 Raptus
407 2834 467 2879 non
491 2822 536 2878 est
563 2817 827 2896 impedimentum,
858 2821 883 2878 si
906 2817 1014 2878 mulier
1037 2806 1168 2895 rapiatur
1197 2815 1256 2876 alia
1280 2815 1319 2876 de

266 2938 371 2998 causa,
401 2918 521 2980 secluso
544 2917 604 2980 ime
633 2923 828 2997 matrimonii,
855 2939 882 2982 v.
906 2940 935 3003 g.
960 2938 999 2980 ex
1021 2918 1080 2984 line
1103 2917 1235 2980 libidinis
1259 2935 1321 2978 ex-

270 3021 413 3100 plendae,
443 3027 500 3082 etc.
532 3026 600 3100 quia
624 3021 789 3084 Concilium
817 3021 873 3084 boc
895 3021 1108 3102 impedimento
1136 3019 1210 3082 nibil
1237 3019 1321 3081 aliud

254 3123 411 3201 intendit,
434 3127 491 3184 nisi
515 3124 642 3185 libertati
666 3127 845 3186 matrimonii
870 3124 981 3187 favere.

267 3225 314 3290 lll.
347 3225 487 3298 Quamvis
516 3226 573 3289 hcc
601 3226 845 3306 impedimentum
875 3233 973 3288 cesset
1002 3227 1114 3308 ligare,
1145 3225 1257 3290 semina
1287 3229 1317 3286 in

181 3331 278 3392 locum
303 3334 397 3391 tulum
420 3333 566 3407 restituta,
591 3329 628 3391 ab
645 3331 726 3390 omni
744 3334 844 3390 tamen
859 3328 1050 3392 incommodo
1068 3333 1170 3407 raptor
1186 3327 1318 3390 nondum

179 3431 339 3509 liberatur,
364 3433 494 3495 seilicet:

213 3534 245 3610 1)
267 3533 379 3614 Raptor
401 3541 431 3596 et
454 3553 559 3596 omnes
582 3534 749 3611 consilium,
774 3535 917 3596 auxilium
940 3540 990 3597 aut
1014 3535 1147 3597 favorem
1167 3534 1319 3614 praeben-

267 3644 312 3699 tes
344 3642 410 3717 ipso
437 3637 506 3718 jure
539 3642 609 3700 sunt
642 3641 913 3714 exeommunicati,
951 3643 1097 3716 perpetuo
1128 3637 1258 3700 infames
1289 3645 1320 3698 et

268 3745 364 3803 omnis
384 3740 537 3824 dignitatis
553 3745 710 3820 incapaces
717 3759 726 3815 3
749 3743 852 3820 raptor
872 3743 997 3820 insuper
1016 3745 1141 3820 raptam,
1164 3743 1231 3800 sive
1254 3757 1317 3802 eam

267 3843 401 3923 duxerit,
431 3847 496 3906 sive
519 3861 598 3927 noa,
627 3842 665 3906 ad
687 3842 841 3904 arbitrium
864 3841 975 3924 judicis
999 3841 1102 3904 dotare
1125 3847 1248 3905 tenetur
1255 3863 1264 3919 ;
1294 3848 1319 3905 si

267 3951 369 4028 raptor
391 3946 482 4009 fuerit
503 3946 647 4024 clericus,
671 3945 709 4008 de
732 3945 825 4028 gradu
848 3963 905 4010 suu
928 3943 1050 4008 excidit.
