2758 4664
473 203 511 258 its
529 203 617 259 mana
634 203 870 259 beniaminae..
1165 191 1230 260 iit

176 331 421 442 norr‘iaiaenm,
446 362 629 444 dispensatio
649 369 734 428 irrita
758 369 789 428 ei
810 363 909 428 denuo
931 368 963 429 tn
986 366 1081 430 lerina
1098 367 1227 448 illarum,

175 483 250 550 quas
271 472 380 532 vocant
402 467 515 530 litteras
538 467 689 543 „Perinde
710 469 837 531 oolere“
846 465 873 544 ¹)
902 470 1030 550 petenda
1061 467 1155 548 est.²)
1177 503 1222 518 -

110 571 153 650 5)
176 571 259 635 Sicut
280 577 378 632 antem
402 575 538 633 oratores
560 572 697 652 copulam
720 577 798 634 inter
819 588 853 634 se
876 571 1003 635 habitam
1027 572 1158 636 fideliter
1167 591 1228 636 no-
1326 628 1330 640 .

175 680 314 750 laverint,
338 678 419 736 irrita
443 681 543 736 tamen
566 672 749 752 dispensatio
773 679 838 750 esi,
861 677 944 750 (sive
966 694 982 736 a
1006 676 1136 752 Dataria,
1160 681 1225 739 sive

175 799 192 840 a
215 778 457 852 Paenitentiaria,
482 782 547 840 sive
569 776 606 838 ab
627 775 786 839 Ordinatio
808 781 839 838 vi
862 779 1131 863 qnasi-privilegii
1151 795 1230 841 oon-

175 888 275 958 cessa)
298 884 363 944 nisi
382 884 424 944 sit
445 885 477 944 in
498 878 602 958 foranu
624 883 777 942 communi
796 881 845 942 oei
865 880 1022 958 nobilium,
1044 881 1231 964 quandocu-

179 983 254 1066 pula
283 990 352 1048 anie
380 984 633 1066 dispensationem
664 985 835 1045 executioni
860 982 1027 1047 mandatam
1041 1029 1051 1065 ,
1081 988 1230 1049 reiterato

180 1086 319 1163 luerit.³)

610 1267 639 1334 s.
662 1255 715 1322 55.

301 1411 353 1473 De
371 1409 504 1488 duplici
520 1407 688 1472 tribunali
705 1407 1016 1488 dispensationum.

176 1551 197 1616 l.
222 1554 289 1616 Duo
321 1553 478 1616 tribunalia
510 1553 623 1616 Romae
656 1559 725 1616 sunt
754 1560 915 1620 constituta
943 1555 980 1618 ad
1017 1555 1229 1622 concedendas

87 1655 329 1737 dispensationes
352 1661 473 1718 nornine
495 1656 686 1736 Apostolicae
708 1655 793 1718 Sedis
817 1676 870 1738 pro
894 1663 975 1724 varia
992 1661 1228 1740 impedimento-

88 1779 156 1823 rum
180 1761 331 1842 qualitate,
356 1754 689 1834 scilicetlioinrio⁴iei
702 1757 981 1836 Poeraa'tentioria.⁵)
1003 1761 1226 1827 Adllatara'om

90 1863 307 1926 recurrendum
332 1869 376 1924 est
401 1881 454 1943 pro
477 1861 615 1923 omnibus
639 1862 860 1942 impedimentis
883 1869 1009 1928 notoriis
1032 1849 1084 1926 aut
1106 1869 1228 1948 quaein

88 1970 225 2030 notit-iam
260 1967 385 2028 aliorum
410 1970 536 2026 ventura
559 1963 789 2044 praevidentur,
824 1972 875 2028 aut
908 1985 985 2048 quae
1008 1973 1075 2031 sine
1106 1968 1229 2034 iufamia

87 2069 231 2132 scandalo
254 2069 381 2149 aliisque
403 2065 600 2129 incommodis
623 2066 804 2129 manifestari
828 2075 963 2148 possunt.
1007 2069 1057 2133 Ad
1090 2069 1119 2136 S.
1153 2070 1232 2134 Poe-

92 2177 294 2235 niteniiariam
318 2169 534 2234 recurrendum
557 2175 605 2232 est
627 2187 680 2249 pro
694 2169 966 2250 dispensationibus
989 2157 1231 2255 et'laculiatibus,

116 2447 140 2514 ¹)
158 2443 181 2498 i.
200 2464 222 2498 e.
241 2461 308 2498 nova
326 2446 406 2514 gratia
425 2443 533 2511 petenda
552 2452 603 2506 eet,
627 2451 656 2495 at
673 2442 787 2495 Pontilex
805 2443 940 2507 decernat,
965 2446 1061 2511 priores
1080 2444 1176 2498 litteras
1194 2445 1227 2498 ob
1324 2497 1327 2511 ,

162 2533 278 2600 copulam
298 2530 407 2582 habitam
427 2533 509 2582 irritas
528 2530 622 2591 ualere,
640 2532 747 2598 perinde
764 2545 794 2582 ac
811 2531 832 2582 ai
851 2529 941 2598 copula
960 2537 1046 2582 secuta
1064 2545 1114 2583 non
1134 2531 1230 2584 luiaaei.

117 2619 141 2686 ')
159 2620 185 2672 S.
204 2617 232 2670 C.
251 2617 278 2670 G.
298 2619 338 2670 12.
356 2616 412 2669 Jan.
433 2617 497 2670 1606
517 2617 584 2684 apud
606 2615 709 2670 Οοιιιιά.
728 2617 770 2670 111).
789 2615 855 2668 viii.
873 2633 895 2668 c.
915 2615 939 2668 1.
958 2625 983 2668 ei
1001 2617 1026 2669 5.

118 2705 142 2770 ³)
162 2703 266 2758 Corrad.
284 2705 301 2756 l.
321 2720 342 2756 c.

121 2790 145 2857 ⁴)
164 2790 287 2848 lintanio,
308 2789 433 2859 adquam
454 2791 526 2840 eiiam
546 2795 679 2840 revocatur
702 2789 853 2841 cancellaria
875 2795 900 2840 et
919 2787 1078 2856 praefectura
1106 2787 1231 2840 brevium.

162 2873 261 2926 Nomen
279 2875 349 2926 ducit
368 2873 532 2941 probabiliter
551 2891 565 2926 ιι
589 2873 687 2926 Datum
711 2875 827 2927 addendo
846 2874 877 2926 ad
897 2874 994 2926 litterae
1012 2873 1187 2942 Apostolicae,
1205 2883 1235 2926 et

159 2963 273 3012 instituta
291 2971 328 3012 eet
338 2977 386 3012 ceu
397 2961 523 3028 peculiare
534 2960 642 3013 tribunal
652 2959 699 3012 sub
711 2960 786 3012 finem
804 2959 899 3012 saecoli
908 2959 1007 3012 lllllA
1022 2959 1153 3012 lionilacio
1165 2959 1235 3014 iiiii.

159 3055 234 3099 aucta
252 3057 289 3100 est
307 3047 362 3114 ejus
376 3045 528 3114 jurisdictio,
546 3056 572 3098 ei
589 3045 621 3099 ab
638 3044 789 3099 innocentio
809 3045 873 3098 iiii.
895 3045 975 3109 ilai,
993 3053 1019 3097 et
1036 3045 1126 3097 ultimo
1144 3063 1159 3097 a
1177 3044 1230 3098 Ba·

161 3133 261 3185 nedicio
279 3133 343 3185 XlV.
371 3133 511 3184 distinctius
535 3131 636 3184 delinita
661 3141 687 3183 ei
710 3133 914 3199 circumscripta,
944 3133 970 3182 in
997 3129 1069 3184 Bulla
1088 3130 1235 3197 „Gravissi-

162 3223 251 3270 ιιιιιιιιιι
270 3235 293 3272 ιι.
314 3219 389 3272 itin.
407 3219 447 3270 vi.
468 3219 521 3271 Cal.
541 3217 659 3270 Decemb.

114 3305 138 3372 ⁵)
158 3305 376 3360 Paenitentiarn'e.
399 3305 455 3359 Jam
467 3306 551 3358 medlo
569 3304 672 3356 saeculo
683 3303 727 3358 iii.
745 3301 887 3371 presbyteri
906 3304 1093 3370 poenitentiarii
1112 3301 1144 3354 ab
1158 3303 1236 3371 Epis-

160 3393 247 3458 copie,
271 3400 297 3442 ut
320 3394 379 3460 ipsis
405 3397 550 3446 assisterent
575 3395 601 3444 in
624 3388 829 3444 reconciliatione
847 3391 1046 3458 poenitentium,
1075 3387 1151 3454 babiti
1176 3404 1233 3440 eane

160 3475 310 3542 traduntur,
330 3483 473 3546 praesertim
493 3480 603 3542 Romae,
626 3477 658 3529 ad
677 3484 726 3528 ires
745 3479 895 3545 praecipuae
919 3475 1043 3528 basilicas.
1078 3472 1230 3538 (Poeuiten-

161 3564 227 3613 ilarii
247 3565 379 3631 minores).
414 3565 597 3618 Paenitentiarii
617 3563 719 3628 majoris
738 3565 809 3632 origo
827 3563 858 3614 nd
878 3579 936 3614 ann.
955 3563 1005 3616 tiit
1024 3559 1174 3625 reducitur,
1192 3563 1235 3630 qui

160 3649 235 3700 etiam
263 3663 322 3702 mox
342 3649 542 3716 jurisdictionem
567 3659 695 3702 extensam
713 3653 824 3702 exercuit
849 3651 876 3700 in
895 3649 950 3700 loro
973 3655 1090 3712 exiern03
1116 3647 1160 3699 aed
1189 3663 1235 3716 per

161 3752 181 3788 e.
199 3734 267 3786 Pium
287 3729 333 3798 V..
358 3735 486 3795 Urbanum
507 3737 571 3789 viii.
588 3735 764 3788 innocentium
788 3733 845 3786 iiii.
868 3734 949 3799 (1692
974 3741 1000 3786 et
1022 3733 1125 3785 taudem
1143 3733 1229 3786 liene·

160 3822 255 3873 dicium
273 3821 338 3874 xiv,
362 3823 387 3872 in
412 3821 480 3876 hulla
499 3823 612 3885 „Pastor
630 3823 727 3874 bonna“
752 3821 807 3886 ejus
822 3820 963 3888 jurisdictio
987 3821 1069 3887 magis
1093 3818 1225 3872 odiorum

161 3910 288 3959 internum
311 3911 425 3960 restricta
451 3915 477 3958 et
505 3909 530 3960 in
558 3907 664 3978 singulis
690 3910 769 3978 magia
795 3906 909 3960 ordinata
938 3913 984 3960 eat.
1024 3904 1132 3976 Benpan
1156 3905 1232 3974 Curia

161 3993 283 4046 llomaua.
302 3993 410 4046 Houaat.
432 3995 505 4048 iani.
523 4011 548 4064 p.
568 3994 628 4047 ini
645 3993 696 4047 iia
