2746 4646
135 229 142 244 ¹
179 238 241 306 100
423 255 461 308 De
479 255 663 324 impedimentis
681 256 868 306 matrimonium
886 251 1071 332 dirimentibus.

64 497 68 505 Ι
179 415 272 478 colari
295 431 402 477 omnes
425 431 523 492 casus,
548 419 579 476 et
600 417 738 495 quamvis
760 413 798 475 de
821 412 969 494 aliquibus
986 411 1070 473 malis
1088 416 1181 491 (quae
1197 413 1230 469 in
1248 408 1314 489 lege

178 517 375 591 deliniuntur)
384 522 502 580 constet
515 534 584 579 esse
599 515 790 594 sufficientia,
803 537 871 578 cum
883 521 1051 596 requiratur
1060 513 1234 593 probabilis
1244 511 1315 572 illo-

178 641 249 684 rum
268 622 338 698 jum
361 623 597 702 impendentium
619 625 797 696 aestimatio,
823 622 885 700 jam
905 619 1015 700 judicis
1045 620 1201 679 arbitrium
1226 614 1305 675 desi-

179 725 331 788 derabitur
351 725 389 786 ad
411 724 668 806 perpendendum,
701 743 738 784 an
763 723 828 784 talis
850 727 889 784 sil
910 719 1116 794 aestimatio.¹)

266 825 300 892 V.
323 828 422 906 Dici,
453 835 549 890 metus
585 828 623 888 ad
661 844 842 888 consensum
874 832 904 887 in
942 827 1160 886 matrimonium
1192 823 1307 882 directe

180 929 228 990 vel
259 931 409 990 indirecte
438 931 678 1012 extorquendum
718 932 829 1012 injuste
865 933 1015 991 incussus.
1045 961 1089 972 -
1117 925 1195 988 Satis
1229 922 1309 984 multi

178 1030 319 1094 doctores
341 1038 506 1114 requirunt,
530 1041 563 1096 ut
586 1041 682 1096 metus
705 1055 740 1096 eo
763 1034 976 1110 lincincussus
999 1036 1048 1108 sit,
1073 1037 1105 1091 ut
1127 1035 1314 1106 extorquea-

179 1139 228 1196 tur
261 1141 491 1202 matrimonium.
549 1139 623 1200 lliuc
654 1137 785 1200 validum
818 1137 920 1198 dicunt
952 1135 1172 1196 matrimonium
1205 1133 1313 1204 initum

179 1243 261 1300 metu
283 1245 380 1322 gravi,
402 1241 514 1321 injuste
536 1242 666 1322 quidem,
699 1244 753 1305 sed
775 1244 834 1306 alio
857 1239 917 1301 line
931 1243 1063 1314 incusso,
1087 1253 1175 1316 quam
1200 1238 1233 1295 ut
1251 1249 1316 1292 ma-

178 1345 348 1404 trimonium
373 1362 426 1422 per
448 1344 779 1428 oumextorqueatur.²)
804 1345 863 1408 Sed
886 1341 1068 1422 probabilius
1092 1341 1314 1400 matrimonium

178 1449 331 1507 etiamen
353 1453 436 1508 metu
457 1449 606 1510 indirecte
627 1454 749 1512 incusso
772 1453 955 1511 contractum
978 1447 1094 1504 irritum
1117 1449 1162 1502 est
1187 1446 1218 1501 et
1242 1439 1313 1500 nul-

178 1547 249 1609 lum.
292 1547 467 1612 Ostenditur
495 1557 631 1632 inprimis
669 1572 708 1612 ex
741 1559 825 1613 textu
850 1545 969 1631 juris‚³)
993 1547 1042 1607 ubi
1065 1543 1241 1608 Alexander
1266 1541 1312 1604 lll.

178 1648 209 1712 P.
224 1655 256 1712 in
278 1651 474 1716 contrahente
497 1660 718 1717 matrimonium
740 1655 963 1738 exigitplenam
979 1655 1170 1714 securitatem
1196 1667 1211 1708 a
1236 1653 1317 1707 metu

176 1737 299 1835 injusto,
324 1773 422 1836 neque
445 1757 613 1841 distinguit,
638 1778 676 1820 an
700 1765 796 1820 metus
818 1757 856 1819 ad
873 1759 990 1835 nuptias
1013 1751 1240 1831 extorquendas
1265 1755 1315 1810 in-

176 1875 282 1920 cussus
293 1862 342 1938 sit,
367 1859 416 1920 vel
438 1859 496 1922 alio
510 1861 578 1938 line,
593 1859 733 1941 additque
760 1865 917 1936 rationem,
942 1863 1033 1940 „quia
1055 1877 1093 1918 ex
1116 1859 1229 1917 coactis
1249 1871 1314 1913 ma-

177 1964 325 2022 trimoniis
348 1961 436 2023 facile
458 1971 623 2045 sequuntur
652 1963 788 2026 infelices
819 1965 958 2038 exitus‚“
998 1965 1080 2042 alqui
1119 1959 1193 2020 baec
1227 1957 1313 2036 plena

176 2069 323 2128 securitas
346 2065 455 2143 delicit,
479 2076 510 2128 et
532 2075 636 2131 contra
657 2067 794 2128 infelices
825 2071 924 2128 exitus
965 2070 1061 2126 timeri
1095 2066 1231 2142 possunt,
1257 2063 1312 2120 etsi

177 2171 397 2230 matrimonium
433 2176 617 2232 contractum
658 2175 696 2233 sit
730 2176 836 2249 metu,
875 2171 914 2232 ob
953 2170 1044 2232 alium
1091 2165 1182 2227 linem
1223 2181 1311 2245 quam

177 2269 215 2332 ad
236 2271 473 2354 extorquendum
499 2279 730 2352 matrimonium,
754 2292 828 2356 ergo
852 2280 909 2334 etc.
954 2271 1014 2332 Alli
1044 2271 1162 2346 dicunt,
1197 2267 1309 2328 distin-

177 2373 330 2458 guendum
353 2391 430 2453 esse,
456 2375 596 2439 videlicet
617 2379 648 2452 l)
667 2383 692 2440 si
717 2383 812 2440 melus
835 2375 980 2438 inseratur
1002 2373 1039 2435 ab
1066 2373 1210 2434 alterutro
1234 2389 1312 2433 con·

177 2475 375 2556 trabentium,
399 2485 429 2539 et
453 2485 672 2542 matrimonium
696 2487 742 2542 est
765 2481 862 2542 solum
885 2478 1015 2540 medium
1046 2475 1210 2556 periculum
1235 2493 1311 2536 eva-

177 2577 277 2659 dendi,
301 2585 522 2647 matrimonium
546 2589 593 2646 est
613 2583 786 2662 invalidum,
810 2587 879 2664 quia
912 2583 978 2666 linis
1001 2582 1223 2642 matrimonium
1254 2596 1312 2639 ex-

178 2681 334 2763 torquendi
360 2691 572 2763 praesumitur;
606 2685 641 2761 2)
673 2691 699 2748 si
730 2686 875 2748 inferatur
907 2693 1003 2748 metus
1025 2686 1136 2767 injuste
1176 2701 1193 2744 a
1224 2686 1310 2744 tertia

177 2803 319 2868 persona3
332 2786 575 2850 contrahentibus
588 2793 653 2851 sive
665 2790 874 2871 ignorantibus
896 2795 961 2850 sivo
983 2792 1122 2863 consciis,
1148 2787 1310 2848 videndum

177 2893 243 2968 crit,
269 2906 339 2952 num
362 2891 414 2968 illi,
440 2896 489 2972 qui
513 2897 623 2954 metum
646 2892 745 2970 infert,
771 2891 891 2973 aliquod
914 2891 1102 2954 commodum
1131 2895 1246 2954 oriatur
1273 2907 1310 2950 ex

177 2996 377 3068 matrimonio,
400 3012 455 3056 nec
484 3013 537 3070 ne;
573 2999 598 3058 si
624 2998 770 3076 primum,
797 2994 863 3057 finis
894 2999 1073 3058 matrimonii
1098 2997 1311 3076 praesumitur3

177 3098 204 3158 si
226 3091 403 3174 accendam,
429 3103 649 3162 matrimonium
672 3094 793 3174 valet.⁴)

205 3354 227 3421 ¹)
245 3353 337 3408 Sanoh.
356 3354 397 3406 lib.
415 3357 439 3408 t.
459 3356 522 3424 disp.
535 3359 558 3408 5.
571 3375 595 3410 o.
616 3357 639 3410 l.
666 3357 758 3420 „Unda
777 3356 905 3408 arbitrium
923 3358 970 3408 erit
991 3365 1112 3426 quantum
1132 3355 1163 3406 ad
1188 3373 1218 3410 aa
1238 3353 1311 3415 mala,

246 3457 311 3510 quae
326 3443 775 3512 reductmturoddcmnoccpressa
801 3447 829 3493 in
847 3446 919 3506 jare,
944 3450 969 3493 et
993 3442 1077 3511 quoad
1100 3443 1307 3502 discernendum,

245 3543 279 3578 an
297 3530 327 3578 ait
345 3527 481 3596 probabilis
499 3532 639 3582 aestimatio
658 3530 786 3592 illorum‘,
805 3546 830 3580 n.
843 3531 867 3580 2.
896 3529 987 3590 „Unde
1005 3539 1083 3598 patet,
1103 3528 1169 3580 mala
1191 3545 1312 3598 expressa

244 3615 270 3664 in
285 3614 342 3677 Jura
361 3630 416 3666 este
434 3614 560 3684 quandam
577 3633 770 3686 normamque
789 3615 917 3667 arbitrium
934 3616 1026 3680 judicis
1045 3615 1196 3686 dirigatur.“

202 3699 226 3763 ²)
245 3698 369 3762 Sanchea,
387 3698 526 3769 baymann,
548 3700 661 3765 Gonenk,
690 3703 816 3754 Pichler.¹

201 3783 223 3850 ³)
241 3783 294 3838 Lib.
313 3787 336 3838 4.
355 3786 450 3838 decrat.
468 3787 521 3838 titi
549 3804 573 3839 c.
602 3805 659 3840 cum
677 3789 769 3844 locum.
789 3789 897 3842 —vide
915 3787 963 3840 Cas
994 3787 1049 3840 xil.

204 3867 227 3936 ⁴)
246 3869 343 3940 lluopp.
363 3889 386 3940 p.
405 3874 493 3924 ιιι.-
514 3872 668 3943 Schmalag.,
696 3875 822 3927 Wiestnar
852 3877 975 3936 sentiunt,
999 3875 1184 3928 matrimonium
1208 3891 1311 3942 aaruper

246 3972 303 4007 aare
319 3959 423 4022 irritum,
449 3961 471 4011 ai
494 3976 526 4011 ex
547 3969 614 4012 matu
640 3960 733 4027 injuste
761 3964 863 4014 incusso
883 3959 988 4024 oriatur,
1011 3970 1115 4030 excepto
1139 3970 1238 4014 lautum
1267 3962 1314 4014 boc

246 4055 314 4104 casu,
334 4045 363 4104 ai,
380 4047 521 4111 periculum
540 4046 572 4100 ab
591 4062 642 4098 uno
660 4048 778 4116 positum,
796 4048 859 4100 alius
877 4064 928 4100 non
946 4048 1000 4100 vult
1023 4057 1147 4107 avertere,
1179 4050 1240 4118 quia
1263 4064 1313 4100 non
