2746 4646
175 219 239 290 13⁰
409 235 1054 307 &equabus-harh

173 395 316 460 temniter
335 393 443 460 oderat
463 403 495 459 et
517 395 622 474 tradat,
643 415 773 479 sepum
796 399 861 463 luit
884 407 919 462 ut
939 399 1074 463 llcclash
1094 399 1154 462 tale
1176 395 1313 481 impedi-

174 505 308 563 mentum
330 499 428 563 eidem
450 501 631 582 molesmoni
653 501 807 581 adjiceret,
840 521 880 566 nc
908 504 1044 587 religiosi
1081 503 1210 584 professi
1239 519 1310 582 pos-

127 683 128 686 *
173 609 242 666 flent
263 619 319 686 pro
340 604 425 666 libitu
447 611 558 666 soron
580 612 764 683 assumptum
795 605 948 680 deserere,
978 611 1009 666 el
1039 604 1128 667 fidem
1157 605 1226 666 Deo
1250 623 1311 684 pu-

172 705 251 768 blice
272 707 370 770 &lam
393 725 462 770 cum
486 709 604 788 publico
627 708 768 767 smniaio
790 709 914 770 violare.
959 707 1033 768 ltem
1055 707 1216 770 dicendum
1241 727 1309 770 cum

172 815 371 873 communiori
394 817 543 872 sententia
566 811 657 870 deri
680 810 839 872 dirimendi
852 816 1072 873 matrimonium
1095 818 1192 873 ratum
1215 817 1305 872 antea

172 919 368 977 contractum.
412 913 632 976 Matrimonium
655 921 754 974 autem
778 920 1032 992 conmmmatum,
1064 919 1096 976 ut
1118 933 1172 995 per
1193 933 1228 976 se
1252 931 1310 994 pa-

172 1021 225 1102 tet,
250 1035 309 1081 non
332 1017 508 1080 dissolvitur
535 1035 590 1096 per
619 1017 809 1098 subsequens
831 1025 934 1079 colum
964 1020 1123 1094 solemne,
1154 1015 1223 1078 l1inc
1254 1017 1307 1078 ille

171 1123 222 1202 qul
246 1121 463 1202 professionem
485 1123 595 1181 emittit
617 1125 683 1180 sine
705 1138 856 1182 consensu
877 1127 981 1184 moris
996 1127 1053 1183 nisi
1077 1121 1155 1182 torte
1172 1121 1225 1201 jus
1248 1138 1308 1200 pe-

57 1307 60 1314 ,
172 1223 253 1288 tenor
276 1223 409 1287 debitum
432 1241 474 1284 ex
494 1223 604 1285 delicto
626 1229 771 1302 amiserit,
805 1231 876 1300 (seu
897 1229 964 1286 rice
986 1231 1089 1301 versa)
1110 1229 1222 1286 reverti
1248 1224 1307 1285 de-

170 1325 221 1389 bet
241 1327 281 1391 ad
303 1345 381 1402 eam,
404 1333 435 1389 et
456 1327 590 1388 debitum
619 1327 766 1405 reddere;
799 1347 898 1410 neque
926 1333 1027 1390 autem
1057 1333 1154 1408 potest
1188 1333 1306 1408 petere,

169 1447 278 1512 neque,
302 1429 352 1493 tila
374 1429 527 1507 defuncta,
550 1447 662 1491 uorum
685 1435 906 1493 matrimonium
928 1418 1105 1493 contrahere
1113 1449 1123 1505 ;
1150 1429 1187 1492 ad
1218 1429 1307 1492 redi-

171 1539 233 1596 tum
257 1539 357 1595 tamen
379 1537 411 1594 in
432 1533 612 1616 religionem
637 1552 698 1596 nou
719 1535 926 1614 compellitur,
954 1537 981 1595 si
1010 1540 1109 1595 autem
1133 1551 1201 1594 curn
1224 1551 1305 1596 con-

169 1653 262 1700 sensu
283 1641 388 1699 uxoris
409 1637 564 1717 protessus
594 1635 696 1714 fuerit,
727 1641 791 1717 ipsa
821 1643 941 1699 tenetur
969 1655 1003 1698 se
1031 1637 1165 1720 obligare
1198 1637 1305 1698 saltem

168 1745 241 1802 voto
263 1737 390 1821 simplici
413 1745 628 1817 continentiae,
650 1758 686 1801 ac
707 1739 843 1820 proinde,
879 1745 986 1803 marito
1008 1741 1169 1818 defuncto,
1203 1739 1305 1802 ralidc

167 1841 299 1924 qudem,
323 1859 385 1906 non
406 1848 507 1904 autem
530 1843 611 1904 licite
632 1841 671 1904 ad
692 1843 766 1905 alias
788 1849 908 1924 nuptias
931 1847 1056 1905 transire
1078 1848 1185 1923 potest.

254 1943 304 2007 tv.
328 1945 375 2008 De
397 1943 507 2007 effectu
527 1943 618 2027 liujus
640 1949 703 2007 voti
726 1946 825 2028 quoad
847 1951 1067 2008 matrimonium
1089 1949 1186 2007 ratum
1209 1952 1300 2008 antea

168 2031 354 2112 contractum
376 2049 547 2128 specialiter
567 2048 732 2112 notandum
755 2056 819 2112 est:
856 2047 890 2125 1)
919 2047 953 2110 ln
988 2049 1066 2112 hunc
1099 2048 1190 2110 linem
1214 2052 1303 2109 novis

167 2156 286 2232 sponsis
314 2152 352 2214 da
381 2157 532 2232 praesenti
560 2151 715 2228 bimestre,
749 2151 981 2232 computandum
1018 2171 1035 2214 a
1076 2151 1125 2214 die
1155 2155 1302 2213 contracti

167 2257 349 2318 matrimonii
369 2253 419 2317 vel
441 2259 541 2336 potius
562 2255 688 2336 praefixi
719 2273 737 2316 a
759 2255 864 2336 Judice
894 2257 1022 2332 termini,
1047 2255 1231 2331 conceditur,
1260 2261 1304 2318 ita

166 2363 199 2421 ut
220 2361 297 2422 intra
319 2355 377 2420 hoc
400 2363 518 2440 tempos
545 2375 756 2422 consummare
784 2363 1005 2421 matrimonium
1038 2376 1099 2420 non
1129 2365 1301 2439 teneantur,

165 2460 219 2524 sed
241 2461 407 2525 deliberare
429 2465 556 2542 possint,
579 2480 617 2523 an
639 2463 734 2523 velint
764 2462 943 2545 religionem
971 2461 1108 2543 ingredi3
1138 2467 1300 2542 potestque

163 2561 221 2627 hoc
244 2569 399 2647 tempusa
417 2561 521 2646 judice
543 2565 594 2626 vel
615 2569 759 2648 restringi
781 2565 829 2626 vel
852 2562 1049 2648 prorogari.¹)
1093 2563 1127 2640 2)
1146 2565 1177 2629 Si
1201 2571 1303 2626 tamen

164 2666 298 2750 elapsum
333 2671 373 2731 sit
401 2665 460 2730 hoc
491 2673 618 2748 ternpus,
654 2674 686 2729 et
717 2671 860 2730 transitus
890 2666 928 2730 ad
956 2657 1133 2750 religionem
1166 2666 1302 2730 nondum

162 2769 270 2851 laotos,
293 2773 364 2854 cogi
387 2774 487 2850 potest
508 2788 636 2851 sponsus
658 2789 713 2853 per
743 2789 898 2849 censuras,
932 2775 965 2832 ut
999 2770 1048 2832 vel
1077 2769 1200 2852 conjugi
1229 2773 1302 2832 exi-

162 2877 246 2958 genti
269 2873 401 2936 debitum
423 2872 538 2952 reddat,
570 2874 618 2935 vel
648 2878 834 2954 propositum
863 2887 951 2936 suum
983 2871 1163 2956 religionem
1191 2876 1303 2957 ingre-

162 2974 264 3039 diendi
287 2981 454 3056 exequatur
462 2994 472 3054 ;
494 2975 531 3052 3)
554 2983 770 3056 verumtamen,
799 2984 825 3040 si
858 2983 993 3058 tempore
1020 2975 1078 3038 hoc
1107 2977 1209 3056 elapso
1231 2994 1302 3037 ma-

161 3081 334 3142 trimonium
361 3094 422 3140 non
454 3084 708 3142 consummaverit
737 3097 772 3141 ac
813 3065 918 3160 postea
948 3096 1128 3162 quocunqne
1164 3083 1302 3160 tempore

161 3179 199 3246 ad
222 3179 400 3265 religionem
424 3184 565 3261 transeat,
589 3183 702 3264 injuste
731 3175 852 3264 quidem
874 3187 954 3266 agit,
986 3181 1040 3246 sed
1069 3185 1205 3243 revocari
1237 3199 1301 3243 non

159 3288 268 3366 potest.
312 3281 348 3362 4)
371 3281 592 3348 Matrimonium
615 3303 677 3348 non
699 3285 881 3364 dissolvitur,
906 3289 963 3350 nisi
986 3285 1175 3366 professione
1198 3283 1300 3348 valide

160 3383 401 3468 inclausione
429 3383 548 3449 demum
581 3387 694 3470 conjux
722 3392 754 3450 in
776 3389 898 3453 saeculo
919 3388 1041 3467 relicta,
1075 3387 1112 3450 ad
1139 3386 1198 3450 alia
1227 3393 1301 3452 vota

157 3491 287 3554 transire
309 3484 448 3572 potcst.²)
1005 3511 1008 3516 Α

182 3755 204 3825 ¹)
223 3755 251 3812 0.
270 3759 295 3810 7.
313 3755 346 3810 ds
364 3771 480 3811 convers.
498 3757 600 3829 conjog.
618 3759 649 3812 it.

180 3841 204 3910 Ι)
222 3841 283 3896 Vota
301 3843 424 3914 simplicia
443 3845 468 3896 ln
486 3843 511 3898 S.
529 3843 551 3898 J.
570 3847 662 3899 emissa
686 3845 769 3917 moad
787 3846 971 3898 matrimonium
996 3846 1199 3900 contrahendum
1218 3862 1299 3918 aeque

223 3938 345 3997 parantur
357 3931 515 4002 protectioni,
533 3947 584 3984 noa
594 3940 678 3986 tamen
692 3931 833 3985 dissolvunt
844 3935 1028 3986 matrimonium
1046 3943 1128 3987 ratam
1141 3941 1217 3986 antea
1232 3951 1298 3987 con-

223 4021 338 4072 tractam.
357 4017 479 4084 &ucham
496 4017 636 4089 lisymaun,
654 4019 776 4085 scharim,
793 4017 1011 4090 Schmalugmbcr.
