2736 4660
160 183 225 255 aex
248 156 251 160 ⁵
564 203 642 258 aaut
661 204 864 258 maranorum.

158 369 255 430 virum
278 369 309 426 et
331 379 456 428 uxorem
474 362 576 448 Jurgia
598 367 702 426 exorta
724 368 810 442 sunt;
833 381 962 444 cumque
984 383 1062 430 uxor
1085 391 1102 433 a
1125 371 1216 440 domo
1244 380 1298 440 viri

160 469 348 550 aufugisset,
378 455 606 546 supplicumque
634 466 767 528 libellum
789 463 859 528 huic
881 467 910 530 S.
934 451 1084 554 Congreg.
1115 475 1299 542 exhibuisset

124 648 125 652 Ἰ
156 571 297 635 instando
321 587 373 652 pro
397 569 598 632 declaratione
620 568 764 630 nullitatis
792 573 989 650 matrimonii,
1022 591 1081 636 uon
1106 577 1205 640 solum
1230 587 1299 644 tan-

160 694 249 756 quam
279 677 343 735 initi
375 691 429 754 per
461 676 520 732 vim
554 678 584 734 et
619 677 730 734 metum
763 672 818 734 sibi
842 692 858 734 a
882 675 1070 756 genitoribus
1099 678 1221 758 illatam,
1247 687 1298 746 sed

159 783 250 842 etlam
282 782 420 857 tauquam
451 761 653 838 contractiin
684 779 743 836 vim
773 775 1005 858 dispensationis
1035 797 1074 839 ex
1102 781 1178 845 falsa
1210 805 1299 852 eausa

159 883 308 959 obtentae,
333 884 363 940 et
386 882 556 942 executioni
581 877 758 951 mandatae,
782 896 901 960 exque
924 883 1037 942 tantum
1061 881 1155 962 abest,
1181 893 1215 948 ut
1235 893 1299 968 ipsa

159 1002 325 1070 congruam
348 982 448 1046 dotem
472 999 531 1044 non
554 978 692 1054 liaberet,
723 983 754 1040 ut
783 979 883 1044 dotem
914 987 1010 1062 potius
1040 983 1164 1049 haberet
1186 1009 1300 1056 exces—

159 1094 268 1164 sivam3
297 1087 385 1168 juxta
417 1101 530 1146 merom
558 1086 699 1162 scriptum
730 1082 785 1143 fuit
814 1083 961 1164 Episcopo
996 1088 1299 1165 pro·iuformatioue

160 1199 190 1254 et
213 1197 292 1254 voto.

243 1294 423 1374 Supervenit
439 1289 576 1370 Episcopi
599 1289 781 1366 informatio,
804 1293 836 1350 in
859 1307 917 1368 quo
941 1291 1080 1380 refertur,
1105 1303 1214 1378 primo,
1238 1320 1298 1364 non

158 1398 290 1461 adfuisse
319 1395 411 1456 ullum
441 1396 552 1454 metum
583 1392 631 1454 vel
661 1396 846 1454 coactionem
877 1411 930 1474 pro
953 1394 1158 1461 contrahendo
1192 1407 1299 1465 matri-

158 1505 274 1574 monio;
308 1496 458 1572 secundo,
483 1495 633 1556 Viearium
657 1494 829 1556 Pratensem
854 1501 1024 1560 executioni
1047 1501 1207 1564 mandasse
1230 1505 1298 1565 dis-

156 1607 380 1686 pensationem,
411 1603 567 1678 postquam
591 1603 913 1679 sumpseratseoretas
935 1599 1180 1680 informationes,
1210 1605 1297 1668 binas

157 1725 233 1788 quae
255 1709 409 1784 receperat
430 1705 635 1764 attestationes
659 1709 718 1763 tum
742 1702 779 1764 de
793 1706 885 1782 patris
907 1706 1079 1782 impotentia
1103 1705 1140 1767 ad
1158 1725 1297 1792 congrue

157 1807 317 1872 dotandum
340 1807 440 1886 liliam,
467 1811 527 1866 tum
551 1803 589 1864 de
611 1803 781 1868 deficientia
806 1808 974 1867 occasionis
998 1806 1138 1887 nubendi,
1164 1819 1295 1890 excepto

156 1911 299 1993 insopita,
322 1913 373 1989 qui
397 1926 464 1972 earn
487 1907 572 1970 duxit
594 1911 624 1968 in
649 1926 788 1982 uxorem;
811 1912 912 1984 tertio,
936 1927 975 1984 ex
997 1908 1111 1988 apocho
1135 1917 1298 1974 matrimo-

157 2015 227 2078 niali
251 2013 385 2089 desumi,
408 2011 507 2072 dotem
531 2009 628 2072 llosae
651 2011 745 2074 fuisse
767 2015 799 2072 in
820 2017 896 2074 scut.
920 2009 1000 2090 315,
1023 2011 1077 2074 sed
1099 2031 1211 2078 revera
1235 2035 1297 2078 non

157 2117 251 2180 fuisse
273 2119 330 2177 nisi
352 2119 384 2176 in
407 2120 483 2176 scut.
498 2108 577 2187 2003
599 2119 716 2194 quarto,
740 2132 779 2174 ox
801 2112 926 2176 testibus
942 2113 1054 2190 haberi,
1076 2117 1191 2198 puellas
1209 2125 1298 2189 statu

156 2226 187 2282 et
214 2218 387 2284 conditione
416 2216 557 2296 aequales
586 2214 703 2290 llosae,
734 2220 925 2278 matrimonio
962 2218 1093 2296 copulari
1123 2237 1191 2282 cum
1223 2221 1297 2302 dote
1346 2219 1347 2224 ’

155 2329 230 2386 scut
257 2317 316 2385 130
331 2319 398 2396 tf),
429 2316 652 2394 concludendo,
675 2317 732 2380 sibi
756 2317 850 2380 videri
881 2319 1007 2382 validam
1031 2319 1143 2396 fuisse,
1174 2330 1205 2384 et
1230 2325 1296 2404 juri

155 2442 318 2512 consonam
341 2425 549 2484 exsecutionem
572 2419 737 2484 litterarum
759 2420 1007 2500 Apostolicorum.
1346 2477 1347 2492 ἶ

241 2527 274 2588 ln
296 2526 376 2590 facto
389 2523 520 2606 quidem,
544 2524 612 2600 quia
634 2526 666 2582 in
684 2524 899 2603 supplicatione
916 2529 1051 2605 porrecta
1073 2525 1194 2598 Summo
1210 2529 1297 2594 Pou-

156 2631 227 2694 tiliei
253 2629 379 2692 relatum
406 2633 469 2703 est,
493 2626 602 2687 Rosam
632 2641 692 2686 uon
722 2623 831 2688 trabere
858 2626 958 2692 dotem
992 2636 1230 2712 competentem,
1266 2641 1295 2696 et

154 2738 275 2798 attentis
304 2749 403 2794 rerum
440 2731 688 2804 circumstantiis,
720 2729 871 2808 quidquod
896 2735 1092 2796 asseruerint
1122 2741 1233 2812 testes,
1268 2741 1292 2798 si

145 2837 233 2902 Rosa
255 2836 311 2898 fuit
333 2838 424 2912 nupta
447 2850 514 2893 eum
537 2829 609 2892 dota
630 2835 707 2894 scut.
735 2827 815 2911 200,
843 2836 1075 2914 incompetentia
1104 2834 1183 2899 dotis
1207 2844 1292 2900 veri-

154 2940 240 3004 ficata
263 2937 390 3000 videtur.

239 3040 273 3104 ln
292 3041 362 3121 jure
385 3037 504 3113 danda,
527 3041 596 3118 quia
617 3041 852 3117 incompetentia
874 3037 951 3101 dotis
974 3056 1033 3102 non
1057 3039 1187 3120 videtur,
1210 3042 1291 3122 quod

153 3143 245 3208 fuerit
266 3160 356 3208 causa
377 3140 475 3206 finalis
504 3141 753 3220 dispensationis,
786 3140 840 3204 sod
863 3161 952 3208 eausa
973 3143 1148 3222 impulsiva,
1179 3150 1210 3206 et
1231 3145 1291 3206 de-

153 3247 249 3312 fectus
272 3262 380 3308 curmae
401 3243 580 3326 impulsivae
602 3261 664 3306 non
680 3247 765 3309 vitiat
780 3243 1043 3326 dispensationem,
1067 3249 1290 3310 matrimonium

152 3353 183 3412 in
205 3367 277 3412 casu
298 3345 429 3410 validum
452 3363 520 3410 osse
542 3346 671 3408 videtur.
832 3345 837 3355 '
976 3414 978 3416 ¹

237 3452 290 3514 His
313 3452 476 3526 stantibus,
508 3449 544 3511 ad
568 3448 707 3528 dubium,
740 3467 777 3512 an
808 3455 925 3513 constet
948 3449 986 3511 de
1008 3449 1161 3513 validitate
1183 3455 1289 3512 matri-

152 3559 255 3634 monii,
279 3558 310 3614 in
333 3571 404 3620 casu
427 3560 492 3632 etc,
518 3551 546 3632 S,
571 3551 602 3614 C.
626 3553 656 3616 C.
682 3550 837 3632 respondit
859 3552 908 3613 die
931 3549 1043 3614 4‚Ju11·1
1066 3551 1164 3615 1722:
1198 3553 1287 3630 „Non

151 3663 289 3720 constare
312 3656 348 3716 de
372 3655 507 3718 nullitate
531 3659 720 3732 matrimonii,
744 3661 773 3716 et
795 3653 992 3735 amplius“¹).

178 3851 200 3916 ¹)
218 3849 338 3900 Thesaur.
361 3849 437 3902 resol.
454 3848 482 3901 C.
500 3849 630 3902 Protendo.
655 3856 715 3902 tum.
732 3847 764 3901 ll.
783 3867 808 3918 p.
829 3848 893 3910 198,
922 3847 978 3900 199.
1013 3847 1082 3900 llaec
1109 3847 1206 3900 decisio
1231 3849 1285 3902 data

219 3950 275 3988 esve
293 3934 392 3990 videtur
414 3952 445 3988 ex
469 3935 516 3988 hac
539 3939 648 3999 ratione,
674 3951 722 4000 aa,
745 3937 766 3988 si
789 3931 910 3988 resolutio
928 3933 1026 3988 Causae
1051 3934 1115 3986 adeo
1135 3936 1285 4009 exemplaria
