2746 4646
354 839 730 940 Tractatus
763 837 891 932 ΙΠ.

176 1013 227 1097 bo
259 1013 512 1123 impedimentis
543 1015 800 1098 matrimonium
832 1010 1082 1096 dirimentibus.

578 1322 606 1389 §.
623 1314 675 1378 25.

454 1439 625 1499 Nationes
641 1435 799 1511 praeviae.

142 1557 163 1623 1.
194 1556 280 1632 Quod
311 1563 490 1622 matrimonii
520 1564 670 1620 essentiae
702 1557 869 1618 intrinsece
897 1563 926 1619 et
951 1559 1092 1620 absolute
1119 1577 1196 1624 con-

54 1667 180 1723 trarium
206 1669 261 1741 est,
285 1662 341 1723 boc
364 1668 534 1724 necessario
559 1679 597 1722 ex
615 1662 684 1741 jure
706 1659 831 1721 naturali
856 1675 975 1740 semper
993 1662 1105 1722 dirimit
1128 1679 1196 1723 ma-

53 1768 227 1826 trimonium
252 1783 286 1827 ac
309 1765 434 1844 proinde
452 1768 606 1827 constituit
622 1763 867 1842 impedimentum
889 1762 1032 1826 dirimens
1051 1765 1193 1829 naturale.

50 1866 138 1938 Quod
159 1883 233 1930 vero
258 1873 445 1930 matrimonio
469 1867 589 1948 quidem
613 1868 780 1926 intrinsece
803 1867 989 1945 adversatur,
1014 1887 1074 1932 non
1094 1871 1194 1930 autem

49 1971 210 2045 absolate,
241 1987 294 2049 per
317 1989 349 2031 se
374 1989 431 2033 non
456 1976 558 2031 causat
580 1969 822 2048 impedimentum
847 1969 1007 2048 dirimens,
1040 1976 1110 2051 quia
1133 1989 1192 2033 nun

51 2091 177 2152 semper
199 2071 308 2152 per'se
332 2077 549 2135 matrimonium
574 2073 700 2149 dirimit,
726 2071 779 2133 sed
804 2073 1008 2137 tantummodo
1030 2079 1193 2155 suppositis

50 2174 231 2256 quibusdum
255 2179 505 2253 circumstantiiS,
529 2193 605 2254 quae
629 2180 728 2236 tamen
751 2193 886 2253 cessare,
918 2181 1079 2255 removeri,
1102 2195 1195 2257 prae-

50 2277 149 2356 pediri
174 2283 230 2340 etc.
256 2285 389 2357 possunt.
434 2277 585 2355 „interest
613 2281 693 2338 enirn
723 2282 802 2339 inter
826 2278 935 2340 malurn
959 2283 988 2339 et
1013 2280 1080 2341 unali
1110 2284 1194 2360 peri-

52 2381 167 2456 culum,
188 2377 266 2441 haud
279 2396 377 2458 secus,
394 2399 428 2440 ac
441 2385 520 2441 inter
533 2384 749 2461 praecipitium,
766 2385 923 2460 ipsumque
937 2399 1054 2457 casum3
1075 2381 1194 2457 malum,

52 2481 136 2562 quod
160 2490 283 2544 naturae
307 2481 472 2557 (absolute)
496 2489 656 2565 repugnat,
686 2501 835 2564 nunquam
860 2501 920 2545 non
942 2483 1052 2546 rnatum
1076 2489 1138 2563 est;
1166 2493 1210 2548 at.

51 2585 222 2663 perieulum
246 2585 313 2646 maii
329 2587 432 2658 variis
443 2585 625 2664 temporibus
644 2592 673 2647 ct
688 2603 881 2666 personarum
900 2584 1047 2666 adjunctis
1064 2605 1193 2656 cessare,

51 2691 102 2748 aut
129 2691 246 2764 minus,
276 2693 326 2747 aut
347 2691 510 2765 removeri,
540 2695 590 2749 aut
621 2688 788 2768 praepediri
816 2691 948 2769 potest.“
958 2689 982 2764 ¹)
1027 2689 1193 2774 Utrumque

52 2796 155 2850 tamen
180 2795 211 2849 et
234 2790 342 2851 malum
367 2795 397 2850 et
419 2789 583 2869 periculum
614 2791 697 2869 mali,
728 2792 877 2874 objectum
901 2792 979 2876 legis
1011 2793 1195 2873 prohibentis

49 2895 200 2952 irritantis
220 2894 375 2970 positivae
397 2909 465 2954 esse
489 2899 595 2972 potest.
642 2891 765 2966 Quando
789 2899 888 2957 autem
913 2895 963 2956 lex
986 2901 1112 2976 positiva
1136 2897 1195 2960 aii-⁴

52 2994 127 3074 quid
153 2991 289 3072 probibet
311 2994 359 3054 vel
381 2998 476 3056 irritat
499 2995 536 3058 ob
560 2997 703 3080 generale
731 2997 912 3060 incommodi
937 3003 987 3059 aut
1015 2999 1083 3061 maii
1110 3003 1194 3080 peri-

50 3096 173 3172 culum,
207 3099 254 3155 cui
284 3101 436 3177 oppositus
465 3103 549 3160 actus
577 3097 723 3180 subjacet:
757 3107 817 3164 turn
846 3102 896 3163 iila
926 3101 976 3163 lex
1007 3107 1128 3164 omnino
1158 3123 1194 3165 ue

50 3215 175 3276 semper
208 3199 354 3261 servanda
383 3206 444 3278 est,
476 3203 531 3262 etsi
561 3203 591 3262 in
617 3203 786 3282 particulari
814 3221 886 3266 casu
914 3203 987 3265 nibil
1009 3210 1060 3266 aut
1089 3223 1192 3284 pannum

50 3299 181 3379 periculi
204 3319 244 3362 ex
267 3307 335 3364 actu
357 3305 527 3366 immineret
537 3301 580 3382 ²);
604 3325 675 3367 nam
697 3305 858 3386 sufficiens
881 3309 973 3370 istius
995 3311 1079 3371 modi
1097 3327 1193 3390 pene-

50 3435 262 3449 -ψ-ι-φ--ι

78 3501 102 3567 ¹)
126 3499 269 3569 Zaliimger,
287 3499 459 3552 Institutioneu
476 3501 528 3553 Jur.
547 3511 628 3555 natur.
646 3521 670 3571 p.
689 3505 747 3558 368.

77 3590 100 3653 ²)
122 3586 307 3660 bernaium,
326 3591 433 3640 sumsit
450 3587 491 3638 lex
509 3592 597 3642 urentis
616 3597 640 3640 et
659 3593 760 3643 rationis
773 3592 887 3657 singulos
906 3592 1019 3646 domines
1038 3609 1083 3660 pro
1101 3596 1193 3659 sinqu-

121 3673 225 3724 dnrddus
241 3670 366 3736 abnuatis
384 3673 513 3736 adiciens,
537 3690 587 3729 nun
605 3677 816 3740 indeterminate,
840 3680 875 3730 uti
894 3677 1018 3730 humanae
1040 3678 1109 3748 leges
1128 3694 1192 3730 con-

121 3758 238 3824 cipienda
257 3766 295 3809 est
313 3759 357 3810 sed
375 3763 446 3828 quasi
465 3762 556 3812 vestita
574 3764 662 3830 quovis
681 3779 750 3825 casu,
768 3779 818 3832 quo
836 3763 945 3833 obligat,
968 3767 1041 3814 certis
1060 3780 1089 3815 ac
1107 3764 1192 3816 deter-

122 3845 223 3907 minatis
241 3839 366 3908 adjunctis
384 3861 523 3912 personae,
546 3845 609 3907 toci,
634 3851 767 3915 temporis,
790 3851 899 3918 negotii,
923 3867 1084 3902 causae....
1103 3851 1123 3899 si
1142 3867 1192 3918 qua

123 3945 183 4000 ergo
203 3932 269 3982 actio
287 3946 353 3998 quae
370 3934 510 4000 generatim
534 3932 692 3984 considerata
706 3935 840 4001 perieulis,
867 3936 1047 4000 incommodis,
1070 3935 1191 3988 abusibus

121 4017 231 4068 obnoxia
251 4024 303 4081 est,
321 4017 400 4068 relate
418 4017 449 4070 ad
468 4015 534 4070 hauc
552 4034 698 4096 personans,
725 4018 773 4074 hoc
791 4027 904 4090 tempus,
926 4022 989 4076 haec
1007 4019 1125 4088 adjuncta
1142 4029 1190 4074 ete.
