2758 4664
473 199 510 256 ua
528 200 614 258 ῦιιιείι
634 201 865 260 atramentarium.
1174 189 1236 260 245

185 395 246 440 non
265 382 365 440 tamen
379 382 601 443 matrimonium
621 396 689 442 esse
708 379 821 442 nullum
841 384 1022 462 putaverint,
1046 381 1096 446 vel
1117 383 1155 446 ad
1172 386 1237 466 ejus

183 479 399 544 invaliditatem
423 499 482 544 non
504 479 731 557 attenderint¹).

124 581 164 658 3)
188 584 227 646 Ut
248 602 413 648 consensus
442 588 605 665 utriusque
631 589 899 666 perseveraverit,
931 591 1001 667 quia
1033 605 1094 650 non
1116 587 1238 652 videtur

185 688 267 769 quod
298 687 433 751 Ecclesia
465 694 559 768 possit
590 689 783 752 convalidare
814 706 995 752 consensum
1033 697 1237 755 retractatam

185 796 275 854 etiarn
299 809 338 852 ex
360 809 417 852 una
441 797 525 872 parte
547 789 708 869 tantum2).

122 893 162 970 t)
185 895 223 957 Ut
245 893 323 956 adsit
346 911 459 975 urgens
481 900 511 956 et
534 901 712 978 gravissima
735 892 880 972 cause³);
910 913 986 976 quae
1015 893 1117 958 haberi
1139 903 1237 977 potest

184 1001 216 1058 in
239 996 296 1058 hoc
318 997 540 1077 triplici-casu,
569 1017 677 1079 nempe
699 1013 732 1068 a)
764 995 882 1079 quando
905 1015 963 1060 uua
992 1015 1060 1077 pars
1082 998 1119 1062 ad
1141 1017 1237 1064 reno-

185 1103 347 1164 nationem¹
364 1117 530 1162 consensus
558 1101 665 1163 adduci
696 1121 755 1164 iton
781 1106 895 1181 potest,
927 1105 957 1162 et
987 1100 1109 1164 exhibet
1137 1107 1237 1165 umen

185 1202 223 1266 da
241 1207 390 1282 praesenti
408 1220 588 1266 consensum
604 1204 779 1268 remanendi
797 1211 830 1266 iu
850 1207 1055 1279 matrimoni03
1072 1204 1105 1280 b)
1117 1205 1236 1286 quando

186 1307 237 1368 uni
261 1310 373 1366 tantum
396 1311 470 1388 parti
496 1313 599 1368 notum
624 1314 670 1370 est
691 1306 947 1386 impedimentum,
972 1305 1051 1386 quod
1073 1311 1139 1370 sine
1161 1326 1237 1390 gra-

184 1409 271 1472 vilius
293 1409 492 1470 incommodis
515 1410 600 1470 alteri
625 1409 808 1472 manii'estari
839 1427 899 1471 non
922 1413 1030 1488 possit3
1061 1413 1092 1488 c)
1116 1409 1236 1490 quando

183 1529 297 1594 urgens
333 1511 419 1574 adest
454 1516 529 1574 ratio
568 1531 628 1576 non
666 1512 809 1576 monendi
843 1513 988 1594 conjuges
1026 1512 1064 1573 de
1097 1511 1234 1576 nullitate

183 1631 287 1676 eorum
311 1618 500 1677 matrimonii.
1139 1639 1140 1642 ¹

185 1716 235 1780 111.
265 1715 369 1790 Quoad
402 1717 522 1780 modum
552 1737 625 1780 vero
659 1721 849 1780 executionis
879 1717 968 1800 hujus
999 1717 1232 1798 dispensationis

93 1820 260 1883 notandum
278 1825 361 1882 vemt
386 1818 418 1895 1)
441 1820 521 1902 quod
543 1821 657 1900 absque
680 1825 760 1883 omni
784 1820 906 1900 speciali
929 1821 1128 1901 applicatione
1147 1827 1235 1885 utar-

91 1939 156 2002 que
178 1924 290 2004 conjux
311 1927 343 1984 in
365 1924 441 1986 bona
471 1923 529 1988 lide
551 1923 766 2004 relinquendus
794 1927 847 2002 sit,
879 1923 997 2003 quaudo
1020 1929 1147 2003 uterque
1169 1928 1233 1986 im-

92 2025 299 2106 pedimentum
322 2029 451 2109 ignorat,
484 2031 525 2088 uti
548 2031 580 2088 in
610 2027 745 2089 nullitate
775 2026 911 2108 allioujus
942 2027 1173 2107 dispensationis
1195 2027 1234 2090 ob

93 2127 247 2192 deiectum
271 2128 400 2211 aliquem
430 2130 496 2192 lieri
526 2130 623 2208 solet,
653 2130 703 2192 vel
725 2128 843 2209 quando
875 2128 1077 2192 confessarius
1099 2129 1234 2210 impedi-

91 2236 229 2294 mentum
252 2231 401 2294 detectum
425 2237 523 2295 neutri
555 2232 718 2314 conjugum
750 2232 862 2312 absque
885 2233 1019 2312 periculo
1051 2237 1233 2315 gravissimo

121 2515 143 2582 ¹)
163 2514 240 2582 Gury.
266 2532 289 2566 n.
310 2516 384 2568 1575.
402 2515 463 2567 lnst.
489 2523 552 2584 past.
570 2515 640 2582 Eyst.
661 2533 684 2582 p.
709 2515 758 2566 339
785 2517 902 2584 requirit:
936 2523 963 2566 ut
981 2515 1069 2566 saltem
1095 2531 1145 2565 una
1174 2529 1232 2582 pars

164 2601 299 2653 bonafide
318 2603 501 2652 matrimonium
521 2603 686 2664 contraxerit,
712 2608 738 2651 et
755 2600 834 2652 altera
853 2616 911 2667 pars
931 2615 976 2667 pro
1001 2615 1060 2650 casu
1080 2615 1233 2652 consensum

163 2689 337 2752 renovaverit;
356 2703 413 2738 narn
432 2689 452 2737 si
471 2695 575 2755 uterque
594 2687 685 2752 conjux
705 2688 889 2738 matrimonium
909 2687 973 2737 mala
992 2683 1041 2736 lide
1060 2688 1235 2748 contraxisset,

163 2775 350 2825 matrimonium
369 2775 395 2824 in
414 2773 497 2825 radice
508 2790 557 2824 non
577 2781 615 2824 est
627 2773 751 2835 sanabile,
769 2775 827 2840 quia
846 2771 953 2836 nullum,
972 2789 1004 2824 ne
1016 2771 1157 2824 naturalem
1175 2775 1234 2840 qui·

163 2861 238 2923 deni,
261 2873 412 2912 consensum
436 2863 463 2911 iu
488 2862 672 2910 matrimonium
698 2859 845 2923 habuerint3
869 2861 971 2925 insuper
995 2857 1087 2921 „debet
1111 2865 1235 2919 censure,

163 2945 350 3015 conjugaretur
369 2946 400 2998 ab
418 2948 489 2998 initio
507 2945 607 2998 dedisse
625 2960 777 2996 eonsensum
787 2945 999 2998 matrimonialem
1017 2952 1042 2996 et
1060 2947 1084 2996 in
1104 2959 1134 2994 eo
1152 2942 1235 2996 adhuc

142 3035 353 3100 *perseveraret*
390 3031 450 3084 lust.
469 3030 543 3084 (land
568 3031 599 3084 de
618 3031 730 3098 Caprara
756 3048 800 3098 pro
819 3031 904 3082 Galliis
927 3031 951 3082 d.
971 3031 995 3083 d.
1014 3031 1055 3082 26.
1074 3027 1134 3094 llaji
1160 3029 1233 3082 1803.

122 3120 147 3184 ²)
166 3103 351 3170 boniradicunt
368 3111 452 3170 tamen
473 3119 572 3186 plures,
591 3122 633 3188 qui
653 3119 751 3181 dicunt,
777 3118 823 3168 hac
841 3117 1030 3184 dispensatione
1048 3119 1235 3168 matrimonium

163 3204 319 3256 convalidari
338 3223 356 3255 a
375 3213 485 3272 tempore
498 3209 665 3262 matrimonii,
685 3222 729 3256 seu
744 3223 777 3254 en
796 3213 864 3264 turae,
884 3205 899 3254 i.
919 3220 940 3254 e.
960 3202 1142 3269 perictionem
1159 3199 1235 3264 juris,

163 3291 326 3342 ascendendo
344 3289 376 3341 ud
394 3279 505 3342 radicem
529 3307 575 3342 seu
593 3293 715 3360 originem
734 3292 898 3350 matrimonii,
925 3291 1024 3356 ponitur
1042 3303 1083 3339 res
1101 3289 1126 3338 in
1145 3285 1234 3337 eodem

163 3385 247 3440 itata,
264 3387 295 3428 a'c
312 3377 333 3427 si
356 3377 564 3445 impedimentum
587 3390 717 3446 nunquam
742 3378 876 3439 extitisset,
901 3377 950 3436 ita,
979 3382 1005 3424 ut
1029 3373 1073 3424 ille
1096 3385 1235 3425 consensus

163 3462 269 3514 actualis
296 3471 409 3530 tempora
437 3465 585 3514 matrimonii
611 3463 643 3514 ob
668 3462 870 3530 impedimentum
900 3459 1002 3510 obstans
1033 3459 1143 3510 irritatus
1166 3472 1234 3508 nuno

165 3548 266 3600 sublato
286 3548 466 3615 impedimento
492 3549 616 3600 obtineret
635 3550 749 3600 ellectum
773 3557 833 3598 tunc
856 3545 1070 3613 impedimentum.
1106 3542 1162 3593 Non
1179 3557 1236 3593 raro

64 3664 66 3668 .
163 3645 249 3688 tamen
268 3637 345 3704 exigit
356 3635 381 3688 S.
394 3634 507 3689 Pooulex
527 3638 552 3688 in
570 3637 701 3700 rescripto,
719 3642 747 3684 ut
764 3640 863 3684 constet
880 3632 911 3684 de
931 3637 1096 3700 permanente
1111 3643 1237 3682 consensu

164 3722 295 3790 utriusque
313 3721 405 3788 partis3
424 3722 460 3772 sic
479 3722 599 3789 Capraria
617 3724 642 3774 in
660 3721 720 3772 lnst.
738 3720 770 3772 ad
788 3719 872 3788 Episc.
891 3716 994 3770 Galliae.

122 3809 145 3876 ³}
164 3805 234 3860 llaec
260 3806 373 3858 conditio
392 3823 442 3860 nou
463 3808 599 3876 requiritur
626 3807 657 3858 ad
682 3805 837 3858 validitatem
862 3805 1069 3872 dispensationis,
1094 3803 1115 3852 si
1133 3800 1238 3868 dispen-

165 3893 230 3943 satio
257 3893 442 3946 concedatura
465 3911 487 3948 a.
510 3893 644 3957 lentitiam
672 3908 761 3955 secus,
789 3895 808 3942 si
834 3891 985 3950 concedatur
1010 3889 1041 3944 ab
1066 3888 1185 3961 episcopo
1208 3902 1239 3940 ex

167 3978 265 4034 indulto
284 3979 437 4049 particulari.
458 3977 535 4048 Gury.
554 3995 578 4030 n.
599 3979 673 4030 1575.
691 3977 762 4035 Nota.
