2736 4660
539 232 730 294 Fornularlum.
1142 207 1205 288 ³97

73 392 195 475 lemque
231 399 400 474 susceptam
424 397 464 469 (st
493 393 601 469 adsii);
639 411 674 458 ao
704 394 783 472 (rel)
819 389 1027 472 suscipiendas
1057 389 1207 474 legitimas

73 496 240 560 decernere
262 497 420 580 dignatum
452 514 507 576 pro
529 515 585 577 qua
610 502 705 582 gratia
728 499 843 580 grados
865 498 1009 558 maximas
1042 497 1128 576 aget,
1160 509 1206 571 ea,

72 619 132 680 qua
156 617 208 680 par
229 606 284 679 est,
309 604 478 662 reverentia
501 619 536 662 ac
558 599 720 664 devotione

321 702 602 768 llcverondissimae
625 702 810 766 Clementiae
833 701 958 764 Vestrae
1098 773 1099 780 ἵ

829 806 1079 868 submississimus

116 908 332 988 llilwauolriae,
356 910 405 972 die
428 907 478 974 30.
503 910 574 972 lieo.
816 907 851 970 N.
874 906 909 971 N.
935 906 1089 987 parochus,

283 1009 375 1102 iuss.
704 1031 757 1076 seu
781 1010 924 1076 sacerdos
948 1013 1163 1074 missiouarius.

232 1117 258 1180 Α
281 1120 369 1199 tergo
392 1116 467 1194 lolii,
490 1135 544 1179 seu
566 1117 643 1180 inira
667 1121 780 1178 textum
804 1115 894 1178 libelli
918 1120 1045 1196 ponatur

420 1219 540 1282 schema
563 1218 871 1304 consanguinitatis¹).

493 1323 591 1405 Stipes
612 1327 784 1387 communis

757 1446 863 1500 Carolus
880 1449 967 1516 genuit
986 1463 1042 1498 curn
1062 1443 1141 1498 Clara

355 1761 504 1831 Joseplrum,
759 1764 868 1823 Annam,
990 1809 993 1815 .

408 1841 504 1902 patrem
761 1841 866 1886 matram

760 1971 888 2034 Andreae,
906 1971 1021 2022 oratoris.

401 2055 544 2110 cirinum
561 2056 674 2106 oratricis

162 2143 286 2217 Quando
320 2163 393 2207 vero
421 2144 529 2228 copula
560 2139 730 2224 praehabita
759 2140 814 2204 luit
845 2147 913 2206 sine
942 2147 1047 2206 notitia
1078 2142 1208 2224 impedi-

70 2252 178 2324 menti,
202 2251 246 2310 sic
268 2253 444 2330 proponitur
466 2246 657 2330 supplicatio:

158 2349 379 2415 Rcvcrdissime
402 2355 459 2412 elo.

157 2452 326 2536 Exponitur
347 2454 498 2518 humiliter
520 2450 783 2516 Reverendissimo
805 2472 840 2515 ac
862 2451 1206 2520 clementissimam

67 2555 216 2639 Episcopo
241 2576 293 2640 pro
317 2562 401 2641 parte
423 2556 600 2620 devotorum
627 2553 786 2618 Oratorum
820 2541 958 2622 Andreae
981 2556 1017 2622 N.
1048 2563 1078 2620 et
1110 2557 1206 2622 Chris·

64 2666 149 2722 tinae
172 2659 207 2723 N.
232 2709 239 2724 .
264 2709 270 2724 .
295 2708 321 2737 .,
344 2659 423 2742 quod
448 2664 502 2741 ipsi
527 2659 600 2723 alias
621 2663 797 2744 ignorantes
821 2659 939 2740 aliquod
961 2661 1206 2747 impedimentum

61 2769 145 2826 inter
181 2783 215 2828 se
257 2768 402 2839 existere,
441 2768 601 2844 quominus
630 2767 746 2844 possint
778 2765 1034 2840 matrimonialiter
1062 2763 1205 2846 copulari,

62 2871 167 2930 carnis
190 2865 353 2950 fragilitate
375 2866 487 2928 devicti
509 2886 543 2929 se
566 2866 728 2928 carnaliter
749 2873 966 2951 cognoverint3
988 2886 1027 2928 ex
1050 2874 1119 2929 tunc
1133 2883 1206 2928 vero

62 2971 102 3032 ad
128 2988 233 3032 eorum
258 2976 394 3034 notitiam
417 2974 601 3052 pervenerit,
626 2987 660 3032 se
683 2972 816 3036 secundo
831 2974 1100 3056 consanguinitatis
1110 2968 1206 3054 gradu

143 3113 165 3181 ¹)
377 3113 484 3166 Schema
503 3113 630 3168 affinitatis
648 3117 674 3166 in
692 3113 804 3168 secundo
822 3113 911 3184 gradu.

795 3287 900 3343 Carolus
919 3289 1004 3358 genuit
1022 3303 1079 3338 cum
1098 3284 1171 3338 Clare

793 3461 903 3525 Annam,

794 3539 901 3583 mairem

793 3769 919 3839 Andreae,

792 3846 898 3895 oratoris

401 3942 513 4068 ἒὲεῗιῗιῖἷῖ
573 3977 604 4075 D
714 3947 726 4072 ,Ξ
790 3979 930 4110 griffina
949 3980 1024 4034 aaa.
1121 4033 1127 4054 s
