2742 4660
390 250 426 302 tte
444 253 617 314 matrimonio,
635 259 758 322 quatenus
776 261 814 304 est
832 251 1030 306 Sacramentum.

674 490 700 556 ς.
724 483 753 546 5.

275 614 326 672 De
344 613 490 674 materia
508 615 543 672 et
560 613 673 674 forma
692 615 907 676 sacramenti
925 615 1148 676 matrimonii.

229 749 251 810 l.
276 749 436 812 lucidimus
455 753 515 832 jam
539 755 569 812 in
592 752 707 832 aliquas
725 759 917 832 quaestiones
940 754 1078 816 dillrciles
1101 774 1136 816 ac
1159 773 1275 837 graves,

143 852 181 913 de
205 854 311 934 quibus
334 855 481 917 ductores
503 859 582 915 inter
604 873 637 916 se
661 873 720 915 nou
744 861 941 931 conventuum
969 856 1057 935 unde,
1082 865 1114 918 ut
1132 859 1275 939 judicium

143 956 246 1018 saltem
270 957 306 1016 ad
330 957 480 1040 agendum
497 961 569 1018 satis
592 957 744 1037 probabile
766 963 846 1019 inter
868 959 932 1020 illas
955 960 1022 1021 lites
1046 961 1131 1022 nobis
1149 961 1276 1021 formare

142 1043 303 1137 ualeamus,
329 1065 414 1121 caute
437 1060 601 1140 procedere
624 1067 749 1139 oportet.
788 1060 976 1142 PraeprimiS,
1001 1063 1071 1144 quid
1094 1068 1132 1124 sit
1154 1065 1273 1124 materia

143 1167 173 1222 et
196 1159 290 1222 forma
313 1163 438 1244 alicujus
451 1163 644 1240 Sacramenti,
669 1167 803 1224 exactius
826 1163 1028 1226 definiendum
1052 1169 1116 1228 erit.
1142 1166 1271 1241 Constat,

142 1263 209 1324 illos
224 1266 377 1328 'terminos
408 1269 518 1328 mutuis
548 1272 682 1346 sumptos
705 1285 773 1327 esse
803 1286 842 1328 ex
866 1268 1048 1348 philosophia
1073 1267 1275 1346 Peripatetica,

143 1381 218 1443 quae
241 1366 346 1446 docet,
376 1387 465 1432 omne
488 1385 542 1430 ens
573 1367 685 1430 finitum
717 1387 784 1429 esse
808 1375 1005 1450 cornpositum
1037 1389 1075 1430 ex
1099 1373 1220 1447 materia
1248 1376 1278 1430 et

143 1467 252 1543 lorma3
277 1475 430 1533 materiam
454 1479 553 1534 autem
577 1489 645 1534 esse
667 1471 755 1547 illud,
786 1491 823 1532 ex
847 1491 906 1553 quo
930 1470 1039 1552 aliquid
1064 1477 1181 1549 existit,
1213 1473 1278 1532 l'or-

142 1589 219 1632 mam
245 1579 367 1636 econtra
390 1574 431 1651 id,
456 1593 509 1654 per
532 1573 610 1655 quod
634 1575 744 1655 aliquid
768 1583 824 1652 est,
849 1575 926 1656 quod
952 1580 1006 1636 est.
1040 1573 1163 1636 lllaterla
1185 1579 1279 1657 igitur

141 1679 187 1734 est
209 1673 392 1738 substratum
421 1677 540 1760 aliquod
567 1677 830 1739 indeterminatum
840 1725 848 1755 ,
882 1697 977 1761 egens
1000 1683 1029 1738 el
1052 1695 1144 1756 capax
1174 1677 1278 1737 deter-

142 1781 329 1857 minationis,
360 1797 447 1860 quam
471 1779 565 1842 forma
593 1781 715 1861 perficit.
760 1780 882 1842 lllatoria
907 1787 953 1842 est
981 1781 1182 1859 praedicatum
1206 1783 1278 1839 uni-

142 1879 288 1942 versalius
312 1887 343 1943 et
358 1881 572 1962 imperfectius,
598 1883 691 1945 forma
715 1889 812 1944 autern
832 1888 930 1944 minus
953 1900 1113 1944 commune
1136 1887 1166 1942 et
1183 1887 1278 1965 magis

141 1982 318 2063 perlectum.
359 1984 472 2047 Eodem
495 1992 593 2048 autem
617 1986 715 2064 medo,
728 1991 752 2064 ¹)
778 1991 810 2047 ut
832 1985 997 2066 philosophi
1021 1989 1050 2045 in
1074 1985 1164 2046 rebus
1188 1990 1278 2046 uatu-

146 2086 268 2165 ralibus,
287 2089 349 2168 jam
365 2107 388 2151 s.
406 2088 506 2150 Patres
520 2094 766 2169 compositionem
785 2093 984 2168 perceperunt
1005 2090 1035 2148 iu
1051 2091 1138 2169 signo
1153 2093 1279 2148 externo

146 2191 290 2272 cujusque
312 2189 510 2268 Sacramenti,
541 2197 574 2253 ut
596 2192 677 2253 clare
699 2181 829 2256 ostendit
858 2209 880 2253 s.
904 2191 1093 2273 Augustinus
1115 2195 1146 2249 in
1169 2189 1279 2250 Sacra-

145 2298 245 2354 mento
268 2293 415 2372 baptismi,
439 2294 559 2356 dicens:
590 2294 743 2372 „Detrahe
766 2295 906 2370 verbam,
939 2293 1008 2373 quid
1032 2298 1077 2354 est
1100 2309 1190 2370 aqua,
1220 2295 1278 2352 nisi

145 2394 244 2476 aqua?
272 2396 397 2458 Accedit
420 2397 542 2458 verbum
567 2397 603 2459 ad
627 2399 813 2474 elementum,
839 2403 869 2456 et
891 2396 923 2456 lit
938 2394 1174 2470 Sacramentum,
1199 2393 1279 2454 unde

145 2516 212 2560 cum
236 2497 396 2584 theologis
419 2500 526 2562 docent
547 2504 603 2579 ipsi
628 2498 768 2576 Patres²l
795 2500 884 2560 Cone.
901 2499 1063 2560 Florentini
1087 2505 1132 2574 (in
1148 2499 1278 2560 Decreto

146 2601 284 2678 Ueiouis)
308 2601 497 2664 Sacramenta
520 2601 554 2662 N.
577 2604 609 2665 T.
634 2609 771 2664 constare
793 2621 833 2662 ex
855 2601 945 2662 rebus
966 2609 996 2662 et
1019 2601 1132 2678 verbis,
1162 2606 1192 2661 et
1214 2601 1281 2662 illas

144 2709 223 2780 (res)
251 2723 318 2767 csse
347 2707 524 2781 neoterium,
554 2709 610 2767 ista
639 2724 706 2767 esse
729 2704 871 2782 sormam.
902 2741 946 2750 -
969 2701 1181 2766 Verumtamen
1210 2721 1280 2765 curn

144 2805 334 2870 Sacramenta
357 2823 418 2870 non
440 2811 500 2868 sint
516 2813 678 2887 composita
698 2808 839 2889 pbpsr'co,
864 2807 917 2868 sed
931 2808 1063 2868 mor-utta
1086 2813 1210 2884 tantum,
1235 2807 1280 2866 illi

144 2913 262 2970 termini
292 2913 431 2986 (materia
462 2916 491 2971 et
521 2910 630 2985 forma)
659 2916 690 2972 in
720 2911 919 2975 Sacramentis
952 2927 1012 2971 non
1044 2909 1154 2971 debent
1189 2913 1281 2970 nimis

143 3071 349 3081 *affl—„⁵-

173 3176 194 3243 ¹)
213 3174 269 3230 Pari
289 3181 398 3241 ratione,
422 3187 448 3231 ut
467 3182 492 3230 iu
511 3183 648 3248 composito
667 3178 771 3248 physico
790 3186 848 3229 suut
866 3177 929 3228 duae
949 3187 1047 3244 partes,
1066 3193 1169 3245 quarum
1189 3185 1283 3228 neutra

214 3263 371 3330 praedicatur
394 3264 425 3315 de
448 3274 513 3329 toto,
539 3275 563 3316 et
586 3283 636 3316 uua
662 3274 698 3315 est
721 3265 902 3327 determinata,
929 3263 1005 3314 altera
1024 3263 1212 3325 determinans,
1238 3263 1283 3313 illa

213 3353 332 3413 materia,
351 3351 412 3401 haec
431 3351 508 3402 lerma
527 3352 630 3414 dicitur3
655 3353 690 3400 sie
709 3354 782 3402 etiam
807 3353 831 3400 in
850 3350 1017 3401 sacramentis
1041 3358 1100 3399 sunt
1116 3367 1174 3411 rer,
1200 3349 1283 3399 veluti

213 3439 328 3500 materia,
346 3444 370 3486 et
386 3437 465 3487 verba
482 3438 559 3488 veluti
578 3438 670 3500 lorrua,
694 3439 753 3506 <pria
771 3451 811 3488 rea
831 3440 884 3504 ipsa
902 3444 929 3486 ut
948 3448 986 3486 ex.
1005 3437 1019 3485 l.
1043 3451 1107 3504 aqua
1126 3433 1166 3484 rel
1185 3433 1284 3484 inlusio

211 3536 300 3590 aquae,
318 3521 511 3585 taurinense
530 3541 557 3575 se
576 3523 607 3574 ad
626 3523 702 3573 multa
721 3522 886 3590 significanda
904 3522 945 3572 vel
964 3524 1039 3572 etiam
1058 3519 1209 3582 efficienda,
1235 3537 1285 3586 per

211 3607 288 3659 rerba
305 3607 486 3660 determinatur
510 3609 541 3659 ad
561 3626 633 3660 usum
652 3607 844 3677 significandum
868 3617 893 3658 et
911 3607 1078 3658 alliciendum.
1109 3606 1234 3657 Bellarm:
1250 3607 1284 3656 de

211 3692 279 3744 Sacr.
297 3694 313 3745 l.
333 3695 355 3747 1.
374 3711 395 3745 c.
417 3696 455 3746 10.
474 3695 521 3745 sub
540 3695 623 3746 linem.

140 3789 144 3792 '
169 3779 191 3846 ²)
210 3777 276 3830 llaec
294 3783 376 3831 cerula
390 3781 551 3832 Sacramenta
570 3781 649 3832 tribus
668 3781 841 3848 perficiuntur,
861 3777 979 3831 videlicet
997 3776 1072 3827 rebus
1086 3763 1206 3844 tanquam
1222 3793 1284 3827 ma·

212 3868 281 3927 teria,
300 3865 383 3918 verbis
402 3875 521 3934 tanquam
541 3868 635 3931 l'orma,
662 3875 686 3917 et
706 3881 811 3932 persona
831 3867 934 3915 ministri
955 3865 1106 3914 conferentis
1125 3863 1286 3914 Sacramen-

210 3960 272 4015 tum,
290 3969 346 4002 cum
361 3955 500 4004 intentione
510 3954 626 4016 lactendi,
642 3953 708 4022 quod
728 3953 785 4003 lacit
797 3952 918 4002 Ecclesia.
936 3949 1047 4012 Quorum
1061 3952 1081 3999 si
1098 3947 1191 4016 aliquid
1204 3949 1285 4010 desit,

210 4052 260 4090 non
280 4039 407 4106 peasrcitur
425 4039 620 4092 Sacramentum.
639 4041 740 4091 Deerat.
760 4037 836 4090 Cone.
855 4037 964 4089 Floreat.
984 4051 1060 4104 super
1078 4033 1184 4086 Unione.
