2742 4660
168 269 207 335 18
414 283 452 334 Dc
468 281 643 345 matrimonio,
661 287 785 350 quatenns
804 287 842 332 est
859 279 1057 332 Sacramentum.

165 447 316 506 ministros
338 445 470 503 censent.
483 437 508 513 ¹)
553 438 710 516 Rationes,
731 437 843 518 ‘quibus
866 443 1025 518 praecipue
1047 441 1228 514 innituntur,
1260 439 1295 500 ad

164 545 218 608 has
241 552 300 608 tres
323 543 508 606 reducimus:
535 540 567 613 i)
590 545 659 622 quia
681 541 836 623 Eugenius
857 541 907 602 IV.
930 547 961 604 in
984 543 1112 604 Decreta
1136 542 1171 604 ad
1185 542 1297 603 Arme-

93 651 94 656 ’
140 665 219 713 111
247 665 331 710 suam
361 651 440 708 circa
463 643 651 709 Sacramenta
678 643 797 705 tradere
819 644 925 708 volens
954 643 1137 721 doctrinam,
1170 649 1213 707 sic
1240 650 1295 707 ait:

164 749 258 812 Causa
280 748 414 810 elhciens
437 751 618 810 matrimonii
641 747 820 830 regulariter
846 753 892 810 est
913 753 1033 810 mutuus
1059 765 1223 810 consensus
1244 767 1297 828 per

163 853 255 916 verba
278 852 315 913 de
330 857 478 932 praesenti
503 865 654 930 expressa.
678 848 784 930 Neque
797 849 1000 926 dubitandum,
1024 855 1122 912 utrum
1140 851 1189 912 illa
1205 851 1295 912 verba

163 975 283 1032 „cause
306 954 443 1035 efficiens
471 955 696 1032 matrimooirl‘,
725 959 861 1034 spectent
890 956 1110 1016 matrimonium
1139 959 1171 1015 ut
1194 971 1297 1016 saera-

162 1065 307 1135 'mentum,
332 1057 477 1138 siquidem
494 1062 610 1137 septem
634 1061 817 1118 sacramenta
840 1060 871 1117 in
894 1074 931 1118 eo
954 1055 1076 1118 decreto
1099 1075 1138 1116 ex
1160 1057 1296 1136 professo

165 1163 359 1242 explicantur.
405 1160 440 1236 2)
468 1159 545 1232 Quia
572 1159 738 1220 Concilium
767 1158 900 1220 Trident.
930 1159 1076 1233 declarat,
1109 1164 1295 1222 matrimonia
1360 1237 1362 1244 γ

163 1264 345 1328 clandestina
374 1263 466 1326 luisse
488 1281 565 1324 cero
587 1269 618 1322 et
639 1269 727 1335 roto,
761 1261 869 1342 quibus
890 1261 1044 1324 vocabulis
1071 1267 1142 1324 tunc
1164 1261 1294 1345 theologi

163 1373 193 1430 et
220 1371 392 1430 canonistas
424 1364 632 1446 exprimebant
662 1369 765 1426 stricto
799 1381 890 1425 sensu
922 1371 1116 1426 sacramenta.
1162 1361 1196 1437 3)
1229 1370 1296 1444 quia

162 1470 231 1532 Pius
254 1469 303 1534 IX.
332 1470 512 1530 allocutione
535 1467 634 1528 habita
662 1470 692 1527 in
715 1469 894 1528 consistorio
923 1473 1040 1528 secreto
1070 1466 1118 1528 die
1141 1466 1191 1527 27.
1216 1468 1294 1546 Sept.

169 1569 248 1634 1852
271 1576 302 1632 in
326 1591 398 1634 casu
413 1570 605 1652 Reipublicae
619 1568 874 1652 Neogranatensis
898 1568 1069 1643 declaravit,
1091 1574 1170 1630 inter
1193 1569 1296 1632 fideles

166 1677 386 1736 matrimonium
418 1673 479 1734 dari
503 1691 563 1735 non
587 1689 694 1752 posse,
723 1675 793 1751 quin
817 1689 877 1733 uno
906 1669 1072 1750 eodemque
1096 1677 1230 1752 tempore
1257 1678 1297 1735 sit

164 1775 389 1839 Sacramentum
413 1824 419 1838 .
446 1823 453 1838 .
477 1823 483 1838 .
508 1793 542 1836 ao
566 1773 690 1854 proinde
714 1793 731 1836 a
754 1773 905 1856 corijugali
928 1771 1052 1836 loedere
1074 1773 1295 1837 Sacramentum

165 1881 298 1958 separari
321 1895 473 1958 nunquam
497 1873 659 1958 posse“;²)
682 1875 762 1938 unde
784 1876 904 1958 longius
926 1879 956 1936 in
980 1875 1100 1938 dubium
1115 1883 1216 1939 vocari
1239 1897 1297 1938 ne-

164 1986 237 2062 quit,
262 1984 447 2042 matrimonia
470 1979 662 2056 clandestina,
687 1995 764 2058 quae
780 1995 850 2039 vera
873 1984 991 2040 aerata
1014 1979 1152 2042 dicuntur
1173 1979 1295 2043 aDonc.

164 2083 244 2146 'lrid
267 2088 440 2144 necessario
463 2085 551 2143 etiam
575 2079 765 2144 Sacramenta
787 2081 889 2144 luisse.

250 2185 302 2248 lli.
324 2185 380 2246 Pro
403 2188 487 2264 praxi
510 2181 711 2246 annotandum
735 2187 791 2258 est,
814 2189 978 2246 sententias
1000 2190 1161 2265 oppositas,
1188 2199 1298 2266 quam-

164 2292 211 2349 uis
234 2288 271 2348 de
294 2305 327 2348 re
340 2290 422 2348 stanti
446 2289 589 2348 momenti
610 2289 689 2348 intcr
712 2304 745 2348 se
768 2292 920 2368 pugnant,
951 2288 1127 2370 plerumque
1150 2289 1187 2350 ad
1216 2289 1295 2350 idem

164 2395 338 2468 convenire,
362 2393 387 2452 si
411 2396 509 2450 umen
531 2392 608 2450 intra
631 2389 740 2452 limites
763 2389 799 2450 ab
813 2388 947 2451 Ecclesia
971 2396 1096 2453 statutos
1118 2395 1298 2453 continean-

164 2498 228 2568 tur;
259 2493 390 2554 fautores
413 2497 491 2556 enim
514 2496 625 2571 posteri
649 2495 709 2554 oris
734 2496 917 2566 sententiae,
948 2497 1156 2576 non'negant,
1190 2499 1298 2554 matri-

163 2599 260 2657 monia
284 2595 466 2658 clandestina
488 2597 519 2655 in
542 2594 600 2656 iilis
622 2593 711 2668 locis,
741 2593 791 2656 ubi
814 2595 974 2656 Decretum
998 2594 1035 2655 de
1057 2596 1297 2658 clandestinttate

164 2704 210 2760 est
231 2703 400 2778 receptum,
425 2713 523 2777 neque
546 2695 736 2760 Sacramenta
760 2713 837 2774 esse,
860 2715 958 2777 neque
980 2697 1092 2772 valida;
1120 2699 1160 2760 illi
1184 2705 1295 2777 autem,

163 2803 213 2878 qui
242 2804 372 2878 priorem
404 2801 582 2860 sententiam
612 2804 730 2874 tenent,
761 2799 920 2862 admittere
943 2801 1112 2883 obligantur
1141 2819 1180 2862 ex
1202 2800 1295 2862 Gono.

163 2901 306 2976 Trident,
329 2903 515 2962 matrimonia
538 2903 603 2960 sine
619 2901 783 2964 sacerdotis
805 2901 997 2966 bendictione
1015 2907 1165 2966 contracta
1189 2903 1296 2965 saltem

160 3003 258 3064 valida
282 3019 350 3065 esse
372 3008 403 3064 in
426 3003 514 3076 loeis,
537 3003 587 3065 ubi
610 3004 771 3067 Decretum
794 3005 832 3066 de
855 3005 949 3068 cland.
973 3023 1034 3068 non
1056 3008 1154 3086 viget,
1178 3005 1216 3066 de
1239 3003 1297 3066 hoc

161 3111 276 3166 tantum
299 3105 476 3181 dubitantes,
498 3111 597 3168 utrum
619 3107 668 3168 illa
692 3111 779 3168 etiam
803 3111 863 3169 sint
884 3105 1083 3170 Sacramenta.
1106 3141 1150 3152 -
1172 3106 1202 3169 Si
1226 3111 1299 3190 agi-

161 3213 210 3268 tur
226 3205 263 3268 de
279 3211 397 3286 sponsis
410 3208 572 3284 catholicis,
596 3213 646 3290 qui
667 3210 771 3271 illicite
794 3215 877 3270 extra
897 3210 1053 3272 ecclesium
1073 3213 1296 3272 matrimonium

160 3313 291 3371 inierunt
312 3313 342 3370 in
365 3310 449 3387 locis,
471 3316 502 3374 in
525 3312 632 3392 quibus
655 3330 715 3374 non
734 3317 780 3374 est
798 3313 1017 3396 promulgatum
1033 3311 1106 3374 illud
1122 3311 1299 3387 Decretum,

160 3419 265 3492 postea
288 3419 386 3474 antem
410 3418 607 3493 recipiscunt,
636 3415 806 3478 benedictio
828 3415 985 3495 nuptialis,
1008 3418 1073 3478 sine
1096 3420 1299 3502 renovatione

188 3621 209 3688 ¹)
228 3621 277 3672 Sed
295 3619 472 3672 contrahentes
490 3637 540 3672 non
555 3630 613 3674 sunt
628 3625 713 3674 stricte
730 3621 858 3691 loquendo
876 3621 927 3672 duo
945 3625 1060 3685 ministri,
1079 3620 1122 3675 scd
1142 3635 1220 3674 unum
1236 3630 1297 3674 tan·

228 3715 279 3761 tum
298 3709 439 3762 ministrum
457 3709 620 3772 constituunt,
639 3711 661 3760 si
679 3709 782 3778 quidem
801 3724 866 3762 unus
882 3708 977 3777 absque
995 3708 1174 3776 cooperatione
1188 3708 1298 3762 alterius

227 3791 417 3844 Sacramentum
437 3791 537 3843 efficere
555 3797 647 3864 nequit.

186 3879 207 3944 ²)
227 3877 368 3948 Denzinger
384 3877 505 3930 Euchirid
532 3895 556 3946 p.
575 3881 634 3934 444.
651 3880 765 3936 Eandem
785 3880 816 3932 de
835 3881 993 3932 matrimonio
1011 3879 1149 3932 doctrinam
1162 3879 1297 3934 Summum

225 3961 371 4014 Pontificem
389 3962 477 4014 litteris
496 3961 559 4016 datis
579 3965 610 4016 ad
628 3965 760 4017 Sardiniae
778 3965 888 4033 Regem,
910 3967 935 4016 in
955 3965 1026 4030 eujus
1045 3983 1124 4036 regno
1143 3965 1233 4018 eadem
1252 3983 1298 4018 re·

226 4051 326 4100 nouatio
343 4046 486 4101 inducenda
504 4057 572 4116 erat,
595 4053 756 4118 exposuisse,
781 4051 955 4121 ephemerides
972 4051 1136 4104 tradiderunt.
