2742 4660
156 222 198 286 ²2
402 233 439 286 De
457 234 631 297 matrimonio,
649 242 773 304 quatenus
791 243 829 288 est
845 235 1044 290 Sacramentum.

158 398 228 474 quta
252 395 473 456 matrimonium
496 392 628 454 reddunt
650 390 771 469 bonum,
796 392 876 472 quod
897 391 976 454 bene
997 395 1095 454 innuit
1117 391 1295 456 Catecbism.

157 496 254 574 Rom,
278 493 389 558 docens
411 498 443 556 in
464 494 520 558 loo.
544 497 600 554 cit:
637 494 795 572 „Docendi
817 501 972 576 praeterea
993 500 1064 556 sunt
1085 494 1208 574 fideles,
1239 501 1295 558 tria

76 660 77 663 ,
159 615 228 660 esse
250 600 431 660 matrimonii
453 596 547 674 bona,
577 595 706 676 prolem,
730 597 818 660 iidem
842 604 873 660 et
894 597 1116 661 Sacramentum
1123 618 1132 673 ;
1164 616 1294 678 quorum

159 703 403 780 compensatione
419 699 469 762 illa
484 699 673 762 incommoda
685 700 846 778 leniuntur,
860 718 936 782 quae
947 699 1108 780 Apostolus
1124 699 1237 762 indicat
1247 700 1294 762 his

159 802 276 866 verbist
302 801 559 880 „Tribulationem
574 806 672 864 carnis
688 801 837 864 habebunt
854 801 1055 884 hujusmodi.“
1077 802 1103 866 1.
1114 803 1181 866 Cor.
1199 802 1229 867 7.
1242 801 1295 864 28.

95 968 97 978 ,
157 907 367 985 Ellicilurque,
391 910 424 966 ut
438 906 664 986 conjunctiones
678 923 848 985 corporum,
871 925 948 986 quae
971 911 1056 968 extra
1073 910 1296 968 matrimonium

147 1013 270 1080 ¹merito
293 1007 477 1074 damnandae
499 1013 612 1086 essent,
636 1026 703 1070 cum
726 1007 883 1070 honestate
905 1009 1082 1090 conjunctae
1105 1011 1198 1072 sint.“

246 1111 281 1172 ll.
311 1110 339 1174 S.
364 1111 492 1174 Thomas
515 1113 646 1191 quaerit,
680 1116 779 1173 utrum
808 1111 910 1173 baberi
940 1110 1068 1172 debeant
1089 1111 1187 1192 aliqua
1217 1111 1297 1174 bona

162 1215 198 1276 ad
218 1213 421 1276 excusandum
437 1217 657 1276 matrimonium
664 1232 672 1288 3
696 1219 727 1276 et
739 1218 783 1276 sic
801 1215 976 1294 respondet:
1000 1213 1201 1292 „Dicendum
1216 1214 1298 1293 qued

160 1317 259 1380 nullus
283 1321 402 1396 sapiens
427 1317 516 1378 debet
533 1318 682 1398 jacturam
705 1317 833 1397 aliquam
857 1305 1015 1395 sustinere,
1041 1321 1097 1378 nisi
1120 1333 1172 1396 pro
1196 1317 1296 1394 aliqua

158 1424 403 1501 compensatione
426 1420 552 1502 alicujus
575 1419 708 1499 aequalis
726 1420 775 1482 vel
799 1420 930 1482 melioris
952 1419 1032 1483 boni.
1077 1419 1162 1482 Unde
1186 1417 1296 1480 electio

161 1524 297 1605 alicujus,
322 1521 402 1603 quod
425 1522 552 1602 aliquam
571 1523 718 1604 jacturam
741 1521 829 1586 babet
851 1541 1009 1600 annexam,
1032 1521 1148 1604 indiget
1170 1521 1297 1602 alicujus

157 1627 229 1688 boni
252 1625 451 1706 adjunctione,
475 1643 528 1704 per
543 1626 627 1706 cujus
644 1630 953 1704 recompensationem
973 1623 1127 1687 ordinetur
1150 1623 1296 1686 ethone-

157 1733 264 1790 stetur.
309 1727 343 1788 ln
367 1727 576 1808 conpunctione
606 1733 705 1789 autem
728 1731 783 1789 viri
813 1734 842 1788 et
874 1727 1007 1789 mulieris
1030 1731 1153 1792 rationis
1178 1727 1296 1807 jactura

148 1829 279 1892 accidit:
312 1835 373 1893 turn
403 1833 472 1910 quia
501 1835 622 1910 propter
644 1823 865 1892 vehementiam
889 1829 1094 1893 delectationis
1117 1829 1294 1892 absorbetur

158 1937 245 2016 ratio,
270 1938 303 1994 ut
326 1949 386 1996 nan
403 1936 497 2012 possit
518 1933 629 2012 aliquid
650 1933 821 2016 intelligere
843 1938 873 1996 in
890 1933 957 2018 illa3
981 1939 1043 1994 tum
1067 1935 1156 1994 etiam
1172 1938 1294 2012 propter

157 2035 378 2098 tribulationem
401 2039 509 2114 carnis,
534 2053 622 2115 quam
645 2042 762 2116 oportet
779 2037 845 2100 talis
867 2041 1016 2098 sustinere
1039 2054 1078 2098 ex
1092 2034 1293 2098 sollieitudine

158 2137 380 2218 temporalium,
412 2142 444 2200 ut
466 2143 546 2216 patet
575 2157 615 2200 ex
641 2139 666 2200 l.
691 2139 757 2202 Cor.
781 2141 810 2200 7.
834 2137 891 2212 283
922 2145 952 2198 et
972 2138 1042 2200 ideo
1066 2137 1132 2200 talis
1160 2137 1292 2216 conjun-

156 2246 263 2304 ctionis
286 2241 392 2304 electio
415 2257 476 2303 non
499 2247 597 2321 potest
620 2259 688 2304 osse
710 2242 856 2320 ordinata,
881 2245 938 2304 nisi
960 2260 1013 2321 per
1031 2243 1294 2319 recompensatio*

156 2362 225 2406 nem
247 2344 431 2425 aliquorum,
461 2362 501 2404 ex
523 2343 631 2424 quibus
653 2342 731 2406 dicta
753 2345 921 2426 conjunctio
945 2343 1133 2418 honestetur3
1164 2348 1194 2402 et
1216 2341 1292 2404 haec

155 2453 225 2509 sunt
246 2447 337 2526 bona,
360 2465 437 2528 quae
461 2451 680 2510 matrimonium
703 2453 847 2508 excusant
870 2453 900 2507 et
922 2445 1079 2509 honestum
1093 2443 1290 2520 reddunt.“¹)

242 2549 292 2613 lll.
317 2550 362 2612 De
377 2551 472 2612 modo
484 2557 594 2627 autern,
618 2567 677 2630 quo
694 2553 913 2612 matrimonium
937 2567 990 2630 per
1006 2549 1078 2610 haec
1098 2549 1174 2610 bona
1191 2547 1291 2611 hono-

155 2657 234 2714 stum
251 2653 393 2732 redditur,
419 2652 579 2714 dicendum
596 2659 656 2714 est:
684 2651 715 2728 1)
739 2652 790 2714 llla
805 2651 1005 2730 incommoda,
1030 2669 1106 2732 quae
1123 2657 1291 2716 consistunt

154 2759 185 2816 in
215 2755 416 2818 sollicitudine
447 2755 653 2835 temporalium
683 2773 722 2816 ex
753 2757 940 2818 matrimonio
971 2753 1144 2833 plerumque
1177 2773 1291 2834 prove-

155 2862 268 2937 niente,
294 2876 347 2938 per
369 2858 479 2920 bonum
495 2859 592 2937 prolis
616 2864 646 2918 et
668 2855 735 2920 fidei
760 2857 945 2920 sufficienter
968 2861 1171 2935 compensari,
1198 2876 1289 2918 nermo

155 2978 216 3022 non
237 2959 335 3035 videt3
366 2958 401 3034 2)
424 2959 574 3023 difficilius
598 2967 658 3038 est,
687 2959 837 3041 quomodo
866 2958 1078 3022 cohonestetur
1105 2959 1155 3022 illa
1184 2963 1289 3020 inevi-

155 3062 251 3124 tabilis
273 3066 520 3142 eoncupiscentia,
546 3084 634 3146 quae,
658 3068 832 3144 inquantum
855 3061 893 3125 ob
912 3061 1128 3124 vehementiam
1152 3061 1291 3124 delecta-

155 3169 244 3226 tionis
263 3168 408 3226 rationem
428 3166 575 3246 absorbet,
599 3171 744 3228 rationem
768 3167 834 3228 mali
851 3171 882 3228 in
899 3173 968 3228 ente
987 3165 1135 3243 rationali,
1150 3169 1182 3226 ut
1199 3163 1290 3226 horno

154 3273 209 3346 est,
234 3285 352 3348 semper
380 3271 411 3329 in
434 3287 467 3330 se
490 3270 627 3334 conferre
650 3270 776 3332 videtur.
820 3269 868 3331 Ad
890 3270 966 3332 hanc
995 3269 1198 3332 difficultatem
1223 3267 1290 3330 sol-

153 3365 280 3430 vendam
310 3371 525 3451 respondemus
552 3375 670 3454 primo,
701 3373 780 3436 idem
810 3377 841 3434 in
869 3373 925 3436 hoc
958 3391 1030 3435 casu
1056 3373 1174 3452 valere,
1208 3371 1289 3453 quod

74 3479 78 3489 ‘
154 3459 299 3556 'lheolopi
323 3473 431 3536 docent
453 3475 489 3538 de
512 3476 644 3557 quolibet
667 3481 735 3537 actu
757 3479 789 3538 in
811 3495 844 3538 se
867 3477 951 3538 licite
972 3482 1001 3538 ct
1024 3477 1112 3556 bono,
1143 3479 1194 3556 qui
1218 3480 1288 3556 poni

154 3595 214 3640 non
237 3582 333 3657 potest
355 3577 392 3640 ad
414 3579 524 3641 bonum
548 3578 700 3656 ellectum,
721 3582 793 3658 quin
815 3584 958 3659 sequatur
980 3583 1069 3642 etiam
1091 3579 1187 3640 malus
1210 3577 1289 3640 elle-

152 3685 227 3758 ctus,
251 3684 403 3756 nimirum,
426 3681 539 3742 licitum
562 3699 640 3756 esse,
666 3699 778 3760 ponere
801 3699 921 3744 emisam
944 3681 981 3744 ad
1001 3683 1112 3747 bonum
1136 3679 1286 3759 ellectum,

154 3787 289 3864 quamvis
312 3802 350 3846 ex
373 3803 407 3846 ea
430 3787 571 3864 sequatur
583 3782 707 3847 effectus
731 3785 835 3865 malus,
861 3790 886 3848 si
910 3785 1006 3849 adsint
1025 3789 1188 3870 sequentes
1210 3802 1289 3847 con-

182 4018 204 4086 ¹)
222 4019 304 4087 suppl.
322 4036 364 4091 qu.
382 4020 424 4072 49.
443 4037 465 4074 a.
485 4020 508 4074 1.
526 4037 548 4073 c.
