2736 4660
522 187 825 244 emmeramum.
1157 169 1224 256 'cio

87 351 323 424 eulranerunt,
346 345 477 410 nondum
501 345 599 412 babitu
621 346 760 408 obeuntis
781 347 921 430 conjugis
942 347 1133 428 certitudine,
1157 364 1227 413 rcu-

88 449 275 532 pmoenus:
298 448 328 512 Si
351 448 469 530 aliquis,
491 448 529 510 de
552 455 648 513 morte
671 453 758 528 primi
782 449 921 534 conjugis
943 448 1039 512 adhuc
1060 449 1117 512 sibi
1139 455 1227 514 oxis-

88 557 177 614 timat
205 550 418 628 dubitandum,
450 555 496 628 ci,
531 555 582 630 qui
611 552 669 616 sibi
693 555 812 632 nupsit,
846 551 977 614 debitum
1007 570 1067 617 non
1097 551 1227 636 deneget

71 655 269 743 'poetulnntm
295 653 375 735 qnod
397 674 414 716 a
437 671 471 716 se
495 659 592 716 tamen
616 657 735 718 noverit
753 655 924 719 nullatenus
945 655 1140 738 erigendum.
1184 655 1227 720 lte
1309 672 1312 677 “

89 775 133 820 ex
155 755 246 821 Girih.
268 755 307 820 d'e
329 759 457 820 matrim.
480 775 506 820 c.
533 756 580 820 19.
603 775 630 820 n.
656 758 705 820 ti.
729 757 856 838 alisque
877 760 1099 822 communiter“
1111 759 1147 834 ¹).

527 961 645 1026 Casus
663 961 794 1028 xxviii.

127 1101 314 1178 centuplex
331 1101 632 1194 consanguinitas.
668 1081 815 1163 Perinde
832 1103 963 1180 raim,
982 1105 1196 1180 dispensatio
1210 1097 1215 1106 '

569 1189 608 1250 in
624 1189 749 1252 meisa.

181 1347 338 1430 Postquam
371 1347 408 1410 de
440 1347 592 1412 validitate
624 1348 672 1410 vel
705 1347 838 1412 nullitate
873 1355 1054 1413 matrimonii
1086 1349 1231 1413 Zamorae

78 1455 242 1540 'contracti
274 1455 354 1513 inter
375 1449 545 1514 violantem
577 1450 735 1531 loseplram
767 1449 938 1532 Henriquez
968 1453 1005 1515 de
1027 1452 1170 1531 Almada,
1201 1443 1231 1516 et

93 1554 279 1618 Ludovicum
303 1553 493 1618 Franciscum
515 1554 649 1618 Sanchez
672 1553 710 1615 de
733 1553 831 1617 Baetra
861 1559 943 1616 vario
973 1561 1067 1618 marte
1091 1554 1232 1618 decerta-

94 1663 158 1720 tum
183 1655 279 1718 luerat
302 1660 333 1717 in
357 1657 495 1720 tribunali
512 1657 540 1722 S.
556 1656 586 1720 C.
601 1655 644 1735 C,
668 1661 698 1718 in
722 1662 959 1740 congregatione
980 1657 1080 1722 habita
1098 1653 1146 1722 14.
1158 1659 1231 1722 Dec.

98 1756 196 1836 1748,
217 1757 290 1821 illud
312 1757 425 1820 nullum
439 1758 616 1824 declaratum
639 1759 696 1822 luit
717 1777 756 1820 ex
778 1759 897 1827 delectu
921 1779 1087 1826 consensus
1100 1762 1233 1826 mulieris

98 1869 131 1926 et
155 1867 218 1924 veri
243 1865 416 1946 propriique
426 1861 555 1946 parochi.
580 1863 653 1925 Cum
665 1861 921 1926 veroLudovicus
943 1863 992 1927 die
1009 1864 1057 1932 17.
1069 1865 1139 1946 Maji
1152 1861 1233 1928 1749

93 1967 153 2030 hoc
173 1965 318 2048 Judicium
341 1970 495 2028 retractari
518 1966 708 2046 postulasset,
728 1965 857 2048 juribus,
880 1985 956 2048 quae
978 1967 1014 2032 ab
1037 1986 1074 2032 eo
1097 1967 1134 2030 de
1152 1984 1233 2036 novo

94 2074 167 2132 sunt
191 2073 358 2151 proposita,
392 2073 562 2150 perpensis,
586 2067 819 2158 Em'inentissimi
842 2066 942 2130 Patres
964 2070 1001 2132 ad
1024 2071 1165 2150 dubium,
1196 2054 1233 2135 an

95 2177 138 2236 sit
168 2172 303 2234 standum
333 2170 381 2246 uel
409 2170 608 2234 recedendum
641 2191 657 2232 a
687 2169 796 2232 decisis
831 2174 862 2230 in
892 2190 964 2235 casu
991 2179 1066 2254 ete,
1101 2190 1232 2253 respon·
1270 2239 1273 2246 ,

92 2275 219 2339 derunt:
243 2272 372 2353 „Dilata
397 2279 427 2334 et
449 2275 486 2338 ad
509 2275 672 2336 mentern.“'
695 2263 781 2336 Mens
804 2271 870 2350 tuit,
894 2279 926 2336 ut
942 2273 1076 2340 Nunnius
1098 2276 1234 2356 Aposto-

92 2380 173 2441 licus
196 2353 362 2440 Violantem
394 2375 557 2439 collocaret
586 2381 618 2438 in
651 2375 709 2438 alio
744 2380 942 2452 monasterio,
980 2381 1011 2438 in
1043 2396 1103 2461 quo
1133 2378 1232 2443 nullae

92 2485 201 2544 essent
230 2483 384 2560 utriusque
415 2484 507 2559 patris
537 2483 795 2562 consanguineae,
824 2474 927 2560 ibique
949 2478 1077 2542 Nuntius
1101 2480 1156 2561 Ap.
1179 2497 1233 2559 per

93 2565 249 2664 seipsum
272 2581 441 2645 violantem
464 2589 586 2666 rogaret
615 2581 652 2642 de
674 2598 746 2643 vera
768 2581 921 2644 voluntate
948 2599 1002 2643 sua
1024 2588 1083 2644 tam
1108 2586 1234 2649 contra-

93 2687 186 2750 hendi
219 2689 440 2750 matrimonium
471 2704 539 2748 cum
572 2682 743 2771 ludovico,
781 2689 843 2746 tum
875 2688 992 2746 ratione
1030 2687 1233 2752 revocationis

93 2790 227 2856 mandati
251 2808 407 2873 procerae,
430 2792 588 2868 antequam
611 2789 832 2851 matrimonium
847 2787 1072 2850 contraheretur
1079 2806 1090 2862 ;
1113 2793 1145 2848 ut
1167 2803 1233 2850 eam

93 2899 257 2957 certiorem
280 2893 391 2954 laceret
424 2893 645 2952 matrimonium
668 2894 852 2952 contractum
883 2889 976 2952 fuisse
999 2879 1137 2953 mandato
1161 2873 1234 2970 pro*-

94 3015 188 3060 curae
219 2996 255 3058 ab
285 3015 319 3058 ea
349 3000 468 3078 integre
491 2998 618 3076 scripto,
648 3010 708 3055 non
732 2991 804 3054 lolio
832 2991 907 3067 ullo,
941 2998 971 3052 et
995 2998 1107 3058 tantum
1138 2991 1174 3054 ab
1197 2979 1234 3053 eo

95 3100 282 3180 subscripto,
306 3116 374 3160 cum
398 3098 457 3160 duo
480 3115 517 3158 ex
539 3096 586 3160 lris
610 3097 688 3160 loliis
711 3095 886 3175 subscriptis
908 3099 1023 3156 tantum
1046 3116 1063 3158 a
1087 3095 1234 3169 Violante,

95 3209 128 3266 et
151 3202 246 3266 adlmc
275 3199 349 3262 albis
381 3197 459 3262 edita
489 3199 602 3262 fuerint
628 3203 660 3260 in
683 3202 756 3260 actis
779 3197 807 3262 S.
831 3197 918 3280 hujus
941 3197 1109 3262 tribunalis
1132 3217 1149 3258 a
1172 3197 1235 3267 Lu„-

96 3306 221 3384 dovico,
246 3310 278 3366 ut
300 3303 418 3364 demum
442 3305 507 3381 ipse
530 3305 651 3364 nuntius
672 3299 729 3380 Ap.
754 3305 846 3362 testes
868 3299 935 3362 illos
959 3300 1092 3378 audiret,
1124 3283 1235 3382 quite

97 3428 131 3471 re
163 3411 244 3470 omni
276 3409 413 3468 instructi
448 3422 525 3468 esse.
545 3409 676 3485 possent.
722 3402 775 3464 His
804 3401 905 3478 sactis,
940 3407 969 3462 et
998 3405 1235 3482 responsiones

96 3511 215 3574 Nuncio
238 3507 342 3590 Apost.
366 3510 496 3592 desuper
518 3507 594 3584 data,
619 3505 649 3570 S.
673 3506 704 3568 C.
729 3505 758 3569 C.
783 3505 832 3566 dte
855 3502 906 3568 24.
927 3502 1062 3567 tannarii
1090 3497 1170 3566 1750
1199 3501 1235 3566 ad

98 3615 234 3692 dubium,
256 3632 295 3689 an
317 3609 455 3676 standum
485 3616 524 3672 sit
547 3611 595 3674 vel
616 3608 819 3672 recedendum
843 3627 859 3669 a
882 3606 993 3668 decisis
1021 3610 1053 3667 in
1082 3623 1155 3668 casn
1177 3609 1235 3671 etc.

97 3716 266 3799 respondit:
279 3717 283 3723 '
298 3715 423 3778 Praevia
453 3729 575 3778 recessu
604 3732 621 3775 a
645 3711 756 3774 decisis
785 3728 844 3773 non
867 3714 1004 3774 constare
1035 3709 1073 3770 de
1102 3707 1237 3770 nulfitata
1316 3715 1320 3722 ·

122 3964 146 4031 ¹)
164 3962 246 4018 Cam
263 3962 401 4016 coniciant.
418 3959 514 4014 Benatl.
533 3958 598 4014 xiv.
616 3958 666 4014 vol.
687 3960 710 4012 1.
729 3975 754 4028 p.
766 3957 827 4012 230.
