2742 4660
121 321 124 326 Ι
155 223 198 294 42
436 245 474 298 be
491 245 679 316 impedimentis
695 246 847 302 matrimonii
864 247 891 301 ia
908 223 1012 317 perere.

154 406 256 466 tamen
278 401 443 486 diligentia,
466 409 498 464 ei
519 401 617 466 adhue
639 407 817 484 persistente
841 403 942 480 dubio,
963 407 1074 466 iterum
1097 407 1128 464 et
1150 401 1296 483 reddere,

40 569 43 574 ,
154 508 185 566 et
207 511 311 584 petere
333 508 449 586 poterit.
495 505 545 570 Sio
567 507 766 588 probatissimi
788 514 937 584 auctores,
961 505 1105 585 Sanohez,
1129 503 1292 570 Sobmaiz·

83 653 84 656 ,
155 607 281 692 grabes,
306 609 475 686 Wiesiner,
500 607 611 688 Bosoo,
634 607 841 689 Reiffenstuel,
866 609 895 674 S.
920 609 1060 692 Liguori,
1084 613 1115 669 et
1136 607 1232 684 aiii.¹)

158 755 363 774 ...ιι-..ώ-

183 843 206 913 ¹)
224 845 253 898 ln
272 862 342 910 casu,
362 847 382 898 si
400 845 505 898 dubiam
522 849 558 898 sit
575 847 606 898 de
623 854 704 898 morte
720 850 818 916 prioris
836 849 965 913 eoajapir,
983 846 1097 898 Sanehez
1116 849 1153 899 sie
1170 847 1292 900 resolvit:

226 931 253 998 1)
272 930 384 998 Gonjax,
408 933 509 1001 quitali
530 932 607 984 dubio
625 936 757 996 contraxit,
775 931 845 986 natio
868 941 941 1000 pacto
959 941 1045 1001 petere
1069 942 1163 1002 potest,
1189 942 1295 986 tenetur

152 1071 153 1074 ,
223 1027 308 1070 tamea
327 1017 432 1070 reddero
450 1017 521 1070 atteri
540 1017 607 1070 bona
625 1019 674 1070 tide
692 1022 794 1087 petenti.
826 1023 854 1084 2)
871 1018 957 1071 Potest
979 1029 1062 1071 tamen
1080 1019 1136 1084 ilie,
1159 1023 1202 1090 qui
1220 1020 1291 1072 bona

224 1103 274 1156 fide
292 1106 424 1167 contraxit,
442 1104 501 1155 darn
520 1121 570 1156 aon
590 1103 687 1156 dubitat
704 1104 736 1155 de
748 1108 916 1170 matrimonio,
935 1106 1040 1160 reddere
1058 1115 1083 1158 et
1101 1114 1194 1174 petere.
1217 1105 1297 1172 Quia,

192 1209 202 1215 ·
223 1206 280 1241 cum
301 1189 368 1240 bona
387 1189 436 1240 tide
455 1190 574 1258 pacificos
592 1205 722 1260 possessor
739 1194 779 1254 sit,
797 1194 932 1260 potestati
950 1193 1025 1260 plene
1043 1194 1215 1256 matrimonio,
1235 1192 1297 1243 iicet

223 1275 330 1329 reddero
353 1292 403 1326 non
428 1283 551 1327 teneatur.
588 1276 613 1327 Si
638 1285 721 1328 autem
745 1277 836 1329 dubias
860 1278 900 1340 iit,
925 1293 976 1328 noo
1001 1280 1092 1346 poterit
1114 1277 1220 1329 reddere
1244 1295 1297 1329 neo

227 1370 313 1429 petere
338 1369 396 1412 ante
414 1361 549 1413 adhibitam
570 1362 740 1432 diligentiam
763 1381 814 1415 non
839 1373 948 1432 petere„
962 1367 1021 1434 quia
1039 1381 1090 1416 non
1109 1367 1246 1432 potestati
1265 1381 1296 1415 re

224 1463 301 1516 qaam
314 1447 414 1500 dabitat
427 1463 485 1500 esse
502 1465 589 1513 auam,
607 1464 657 1500 non
674 1449 790 1513 reddere,
808 1453 866 1518 qnia
882 1449 946 1502 aiter
963 1466 1015 1501 non
1034 1448 1109 1501 habet
1123 1449 1165 1514 jus
1180 1449 1297 1516 justitiae

228 1535 259 1586 ad
278 1533 423 1600 petendam,
442 1549 489 1584 nee
507 1536 700 1602 possessionem.
728 1535 847 1588 Adhibita
866 1545 949 1588 autem
968 1535 1109 1606 diligentia,
1132 1545 1157 1587 et
1174 1545 1298 1588 manente

226 1619 315 1672 eodem
338 1619 414 1672 dubio
433 1628 514 1687 potest
533 1628 619 1688 petere
642 1629 667 1674 et
684 1621 805 1686 reddere,
828 1625 887 1692 quia
907 1621 960 1688 jam
984 1631 1021 1674 est
1045 1622 1128 1676 licitus
1151 1621 1200 1675 sibi
1223 1639 1297 1676 usus.

223 1734 258 1744 -
274 1705 316 1756 lib.
335 1707 359 1757 2.
378 1705 441 1776 disp.
460 1707 502 1758 ia.
520 1723 544 1758 n.
563 1708 588 1760 2.
606 1707 630 1758 i.
