2764 4664
603 173 684 231 Cum
700 173 904 230 matrimoniales.

640 417 759 480 Casus
780 416 886 482 XXlll.

161 675 162 678 Ἴ
284 585 522 661 interpellatio
538 585 647 662 partis
665 583 815 645 infideils
833 585 870 645 in
889 557 972 646 casu
991 587 1242 648 conversionis.

283 743 372 808 Anna
394 743 486 806 lllaria
510 744 650 808 iberesla
671 744 815 822 Medioea,
839 746 941 808 divina
963 750 1129 826 inspirante
1150 753 1262 829 gratia,
1282 751 1335 830 jn-

198 846 311 910 dalcam
342 847 494 927 perlrdlum
525 847 689 928 objuravit,
723 854 753 908 et
775 845 826 912 29.
850 846 914 911 Oct.
942 849 1020 922 mar
1054 868 1183 913 unacum
1207 858 1336 930 quatuor

198 949 266 1012 liliis
287 967 312 1012 s.
335 950 512 1030 baptismum
535 955 657 1030 recepit.
692 950 768 1012 Dum
786 953 875 1014 Antra
897 959 960 1014 erat
982 957 1014 1014 in
1036 959 1116 1016 statu
1138 939 1334 1029 infidelitalis,

198 1057 420 1116 matrimonium
442 1059 632 1116 contraxerat
653 1071 721 1116 cunr
743 1052 913 1116 Abrabamo
928 1053 1034 1132 Barda,
1058 1055 1208 1133 Hebraeo,
1235 1077 1254 1118 a
1278 1075 1335 1136 quo

79 1173 80 1176 ’
199 1163 296 1220 tamen
313 1157 400 1238 juxta
423 1161 512 1218 ritum
534 1154 718 1220 ludaeorum
741 1173 837 1235 nsque
859 1155 898 1217 de
920 1175 998 1220 anno
1018 1156 1099 1220 lilll
1120 1159 1258 1221 libellum
1284 1160 1337 1221 lra-

197 1260 303 1324 buerat
325 1259 440 1339 repudii
448 1277 456 1334 ;
480 1276 607 1338 cunique
630 1259 718 1320 Arina
741 1259 891 1338 praedicta
920 1266 1086 1342 promptam
1109 1261 1219 1324 babeat
1244 1281 1337 1326 occa-

198 1368 315 1426 sionem
338 1361 469 1424 nubcndi
492 1381 559 1424 cum
582 1361 717 1424 Arrionio
741 1361 868 1424 Cccobio
893 1363 986 1426 milite
1009 1363 1197 1442 Christiano,
1223 1372 1259 1427 et
1283 1383 1338 1445 pe-

198 1467 324 1532 riculum
347 1470 439 1527 sitin
462 1482 554 1540 mora,
579 1463 768 1528 elAbrabarn
791 1471 821 1526 in
844 1465 1018 1549 longinquis
1029 1467 1120 1551 degat
1142 1469 1336 1550 regionibus,

198 1571 310 1652 ubsque
333 1587 380 1646 eo,
404 1567 486 1648 quod
505 1571 574 1628 sciri
599 1573 662 1630 tuto
686 1571 797 1647 possit,
822 1574 853 1630 in
875 1589 935 1650 quo
956 1570 1025 1632 loco
1048 1576 1206 1644 versetur,
1231 1578 1338 1632 exorta

198 1678 245 1736 est
266 1673 434 1734 Florentiae
456 1670 628 1750 disputatio,
651 1689 688 1734 an
712 1673 959 1735 concurrentibus
987 1677 1220 1736 circumstantiis
1245 1679 1339 1754 possit

197 1775 285 1839 Anna
314 1778 535 1837 matrimonium
565 1772 666 1836 lacere
693 1792 762 1836 cum
792 1773 885 1834 milite
916 1776 1096 1853 christiano,
1127 1781 1261 1854 ornissa,
1300 1797 1339 1838 cx

198 1882 386 1957 superiorum
409 1863 617 1959 indulgentia,
642 1882 805 1938 memorata
827 1879 1085 1957 interpellatione,
1118 1885 1189 1940 eta
1215 1877 1339 1942 Vicario

198 1979 357 2060 Capitulari
381 1977 569 2056 Florentino,
599 1982 649 2056 qui
672 1983 772 2042 omnia
796 1979 945 2058 praedicta
975 1987 1004 2044 in
1035 2000 1088 2044 sua
1118 1981 1339 2045 informatione

198 2085 301 2161 relert,
325 2082 448 2163 hujusce
470 2080 499 2146 S.
525 2081 556 2142 C.
579 2081 733 2146 oraculum
756 2087 937 2161 exposcitur.

282 2186 328 2248 En
351 2185 450 2246 verbis
472 2183 609 2263 Apostoli
638 2183 650 2246 l
676 2183 743 2246 Cor.
768 2183 795 2246 7.
820 2183 994 2264 deducitur,
1019 2185 1100 2268 quod
1122 2203 1177 2266 per
1199 2205 1338 2266 conver-

198 2295 314 2353 sionem
338 2293 428 2350 unius
450 2305 489 2350 ex
512 2285 692 2368 conjugibus
718 2291 789 2350 tuno
812 2293 925 2350 tantum
951 2290 1079 2351 solvitur
1102 2294 1338 2368 matrimonium,

197 2392 298 2475 quoad
321 2392 484 2466 uinculum,
506 2387 626 2470 quando
649 2389 725 2451 alter
746 2407 906 2454 remanens
934 2399 964 2452 in
985 2391 1164 2470 infidelitate
1189 2412 1251 2456 non
1277 2395 1341 2456 nult

197 2500 344 2572 converti,
369 2495 417 2556 vel
439 2510 500 2554 non
523 2491 585 2554 vult
608 2489 781 2554 cohabitare
803 2495 869 2554 sine
892 2495 1071 2556 contumelia
1094 2501 1253 2558 creatoris.
1297 2497 1340 2558 lta

114 2636 119 2644 .
195 2598 337 2676 insertur,
373 2597 535 2678 conjugem
565 2592 684 2656 lidelem
715 2585 752 2656 de
784 2599 963 2658 necessitato
990 2597 1151 2680 conjugem
1183 2598 1339 2662 infidelem

197 2702 308 2766 debere
329 2697 539 2780 interpellare,
563 2715 602 2760 au
625 2696 698 2760 velit
720 2701 866 2772 converti,
889 2703 920 2758 et
941 2697 1110 2762 cohabitare
1132 2705 1200 2764 sine
1224 2709 1339 2764 contu-

198 2806 284 2867 melia
307 2806 466 2878 creatoris,
499 2799 536 2862 ad
559 2797 715 2876 ellectum,
748 2805 779 2861 ni
801 2799 838 2862 ad
866 2799 924 2862 alia
948 2806 1016 2872 vota
1049 2802 1104 2864 sibi
1137 2803 1213 2866 liber
1237 2805 1338 2866 aditus

197 2925 264 2970 esse
286 2905 402 2968 debeat.
448 2903 480 2964 ln
503 2908 651 2983 praesenti
675 2909 776 2966 autem
799 2919 871 2966 caso
903 2921 962 2966 non
991 2904 1104 2984 obstat,
1136 2907 1216 2984 quod
1242 2923 1337 2986 usque

196 3009 234 3072 de
255 3027 333 3075 anno
358 3003 441 3070 1710
464 3004 612 3068 Abrabam
635 3009 682 3066 vir
704 3009 825 3068 miserat
846 3003 884 3066 ad
907 3005 1080 3085 mulierem,
1112 3006 1150 3068 de
1173 3025 1233 3088 qua
1258 3026 1336 3070 nuno

197 3117 306 3196 agitur,
330 3108 462 3172 libellum
483 3108 599 3188 repudii
606 3126 616 3182 3
638 3111 678 3170 ite
701 3113 733 3170 ui
755 3111 819 3186 ipsa
838 3111 1017 3178 remanserit
1038 3112 1069 3170 in
1092 3109 1336 3172 libertatealium

196 3213 325 3278 ducendi
349 3216 462 3291 virum,
495 3218 528 3274 ut
549 3211 675 3274 babetur
702 3215 734 3272 in
758 3211 845 3272 lleut.
873 3228 898 3274 o.
923 3207 973 3274 24.
1005 3229 1071 3280 curn
1096 3217 1175 3274 enim
1201 3213 1337 3276 Christus

195 3321 343 3383 Dominus
364 3313 454 3378 narn.
477 3335 502 3378 o.
531 3311 578 3378 19.
607 3313 732 3392 dixerit,
763 3313 877 3376 blosem
905 3311 942 3374 ad
971 3311 1110 3378 duritiem
1132 3316 1235 3379 cordis
1265 3335 1337 3396 per-

165 3427 313 3486 ,misisse
334 3418 474 3496 ludaeis,
507 3423 540 3480 ut
562 3433 673 3480 uxores
702 3417 904 3491 dimitterent,
936 3415 991 3478 sed
1021 3417 1058 3480 ab
1085 3422 1172 3480 initio
1200 3423 1246 3482 sio
1276 3437 1337 3482 nou

196 3525 307 3600 luisse,
338 3528 369 3584 et
389 3520 447 3584 boc
475 3523 571 3598 ipsum
594 3523 703 3582 iterum
725 3519 852 3598 dixerit,
875 3519 966 3582 blare.
991 3539 1016 3582 c.
1043 3517 1093 3584 to.
1115 3520 1334 3600 concludendo,

197 3628 303 3709 „puori
324 3644 397 3705 erpo
419 3623 504 3684 Deus
526 3621 703 3702 coadunati,
734 3623 824 3688 bomo
844 3641 906 3688 aon
929 3624 1090 3702 sepurct“,
1115 3621 1225 3686 docent
1248 3643 1337 3686 com·

162 3793 169 3814 Ι
196 3733 326 3792 munitet
354 3727 516 3810 Theologi,
554 3723 645 3788 hodie
673 3725 807 3798 iudaeis,
824 3743 885 3788 non
914 3741 982 3787 esse
1014 3729 1193 3804 permissum
1225 3745 1337 3792 uxores

195 3851 264 3896 suas
286 3829 454 3912 repudiare,
479 3835 509 3890 et
532 3847 585 3908 per
608 3827 764 3909 repudium
788 3847 848 3890 non
871 3827 948 3891 solvi
971 3829 1122 3892 vinculum
1138 3833 1336 3903 nratrinronii;

196 3934 431 4025 Christusenim
454 3931 600 3996 Dominus
622 3931 696 3996 illud
713 3930 833 4026 reduxit
855 3931 892 3996 ad
914 3936 1199 4028 suumprimaerum
1215 3935 1334 4012 statum,
