2746 4646
276 278 314 331 lic
330 277 513 348 impedimentis
532 279 716 334 matrimonium
735 255 917 332 dirimentibus.
1120 259 1181 328 123

125 429 162 502 lt.
194 437 298 500 Utrum
328 442 428 499 autem
460 436 602 518 conjugia
635 453 652 497 a
683 430 817 514 clericis,
848 437 920 525 lege
950 453 1011 500 nou
1043 437 1183 499 obstante

39 548 209 618 contracta,
240 543 333 603 irrito
356 557 475 620 semper
503 543 568 617 ipso
586 539 657 621 jure
681 539 794 600 luerint
823 557 861 600 an
884 540 1028 601 duntaxat
1064 538 1183 615 illicita,

39 650 282 709 controvertitur.
328 642 419 705 blulto
442 641 624 723 probabilior
645 645 792 704 sententia
821 647 921 720 tenet,
951 661 985 704 oa
1008 660 1067 705 non
1089 643 1183 705 luisse

34 753 138 824 irrita3
163 753 188 811 si
213 752 290 812 enim
315 752 445 828 quinque
470 745 660 808 saeculorum
685 763 816 808 canones
838 743 977 830 legimus,
1004 747 1076 808 nihil
1091 765 1184 826 repca

40 857 171 931 rtemus,
206 851 286 932 quod
315 865 459 930 expresse
491 847 636 929 eJ'usrnonr
666 851 784 929 nuptias
815 851 965 928 irritaret,
999 847 1056 913 hoc
1086 850 1183 912 solum

41 959 169 1032 constat,
194 955 320 1017 clericos
343 953 483 1036 conjugia
506 949 717 1015 contrahentes
739 969 808 1014 essa
836 953 872 1014 ab
894 949 994 1016 cilicio
1017 951 1181 1033 depositos,

40 1057 201 1137 aliquando
225 1062 314 1119 etiam
336 1059 548 1121 communione
572 1057 776 1118 ecclesiastica
800 1055 931 1133 orbatos,
956 1061 986 1116 et
1004 1059 1185 1137 asperrimae

41 1165 246 1241 poenitentiae
269 1159 473 1242 subJectos¹];
496 1161 637 1247 conjugia
661 1165 770 1238 tamen,
794 1165 860 1222 utut
881 1159 994 1235 illicita,
1019 1165 1049 1221 et
1067 1158 1186 1242 legibus

40 1265 220 1345 improbata,
243 1265 340 1326 valida
361 1265 455 1326 luisse
472 1263 664 1344 perhibentur
686 1281 781 1344 usque
804 1263 840 1326 ad
858 1269 974 1344 tempus
994 1263 1186 1344 Imperatoris

39 1369 213 1444 iustiniani,
238 1373 300 1450 qui,
322 1386 390 1429 cunr
401 1369 542 1448 plurimas
552 1366 696 1428 edidisset
718 1369 944 1429 constitutiones
967 1365 1004 1427 de
1025 1384 1059 1428 rc
1083 1365 1186 1427 ecclc-

43 1475 178 1549 siastica,
203 1475 289 1532 etiam
321 1475 351 1532 in
381 1469 540 1551 hac'parla
573 1469 644 1532 nihil
667 1475 782 1545 omisit,
816 1477 846 1531 in
871 1486 929 1551 quo
953 1467 1031 1532 Cleri
1054 1464 1186 1531 decusa

41 1573 224 1654 quibusdam
255 1575 411 1658 sacrilegis
444 1575 610 1657 neglectam
644 1577 761 1636 restitui
798 1588 918 1654 quoquo
953 1569 1040 1658 modo
1073 1575 1185 1654 posset.

41 1676 109 1756 lpse
138 1681 170 1738 ln
201 1677 218 1740 l.
246 1675 298 1740 45.
321 1675 392 1740 cod.
426 1677 463 1738 de
485 1675 537 1756 Ep.
564 1683 594 1737 ct
617 1675 692 1740 Cler.
726 1677 987 1754 animadvertam,
1021 1678 1093 1737 satis
1125 1692 1186 1737 non

41 1778 149 1857 luisse,
173 1783 278 1860 poenis
301 1783 469 1854 canonicis,
501 1785 631 1858 quaein
654 1779 717 1841 sola
740 1779 853 1863 gradus
882 1779 1044 1841 amissione
1066 1783 1188 1841 consis-

42 1882 165 1958 tebant‚
197 1889 310 1946 terrere
333 1885 458 1945 clericos
481 1881 595 1944 libidini
620 1879 751 1953 deditos,
784 1881 909 1963 amplius
934 1879 1187 1965 progrediendum

42 1986 162 2062 voluit,
202 1989 342 2049 nimirum
371 1985 543 2048 confirmata
583 1985 690 2047 eadem
722 2000 869 2047 canonum
904 2003 1020 2064 poena,
1053 1985 1188 2046 decrevit

43 2095 211 2170 praeterea,
236 2095 269 2150 ut
291 2090 349 2152 tale
372 2091 543 2174 conjugium
567 2091 683 2150 irritum
707 2095 795 2152 osset.
832 2087 894 2150 Hoc
918 2093 1016 2152 tamen
1033 2083 1186 2148 decretum

46 2192 207 2272 imperiale
235 2212 251 2254 a
274 2191 396 2255 Graecis
424 2193 545 2272 quidam
568 2197 647 2253 inter
676 2193 761 2275 leges
784 2193 1004 2254 ecclesiasticas
1034 2195 1187 2271 receptum

44 2294 141 2357 luisse
165 2295 293 2374 videtur,
318 2315 378 2358 nnn
401 2303 501 2359 autern
524 2295 560 2356 ab
582 2294 716 2356 Ecclesia
739 2293 880 2370 Romana,
905 2293 985 2355 unde
1004 2295 1088 2374 juxta
1114 2297 1187 2372 pro-
1273 2365 1277 2377 ¹

45 2399 219 2461 batissimos
242 2406 379 2461 auctores
401 2400 542 2481 conjugia
565 2398 754 2473 clericorum,
786 2401 876 2458 etiam
898 2401 929 2458 iu
952 2401 1045 2459 sacris
1063 2395 1187 2458 Ordini-

45 2502 100 2562 bus
135 2505 385 2580 constitulorum‚
417 2506 553 2583 quamvis
576 2505 770 2563 severissime
802 2499 979 2578 interdicta,
1012 2502 1187 2579 pracsertim

46 2623 104 2666 as.
119 2601 268 2688 Gregorio
281 2603 354 2684 Vll,
381 2623 438 2669 aon
462 2603 583 2666 luerurrt
605 2609 718 2668 irritata
741 2609 808 2666 ante
822 2603 910 2666 Conc.
925 2601 960 2665 ll.
985 2601 1189 2663 lateranense

47 2727 75 2768 r.
104 2703 197 2769 1¹39.
241 2705 287 2770 Ex
308 2705 366 2772 hoc
397 2715 530 2788 ternpore
554 2707 673 2770 denium
697 2707 770 2770 ordo
800 2725 885 2772 sacer
908 2724 967 2792 nou
992 2710 1105 2766 tantum
1129 2708 1190 2762 im-

50 2807 257 2892 pedimentum
281 2809 467 2891 impediens,
498 2811 552 2876 sed
583 2812 731 2872 dirimens
761 2828 828 2874 essa
861 2812 961 2888 eoepit
988 2813 1020 2870 in
1050 2809 1190 2870 univorsa

47 2910 230 2990 acclesia²)‚
255 2913 335 2994 quod
357 2919 461 2992 postca
483 2931 500 2974 a
524 2912 656 2976 Concilio
680 2913 761 2976 Trid.
788 2913 963 2975 solenniter
984 2909 1189 2974 confirmatum

70 3111 94 3178 ¹)
113 3110 177 3164 Gan.
200 3113 221 3164 i.
247 3115 302 3164 dist.
327 3115 368 3167 27.
393 3131 448 3168 can.
473 3113 497 3166 9.
517 3115 573 3166 dist.
597 3115 638 3168 28.
657 3131 714 3167 can.
739 3117 798 3168 aar
823 3115 847 3166 4.
865 3113 923 3165 dist.
940 3113 983 3165 82.
1018 3111 1086 3164 llaec
1109 3125 1191 3179 poena

115 3213 196 3267 saepe
213 3207 263 3250 tarn
282 3199 399 3252 diuturna
418 3209 485 3263 erat,
513 3209 540 3252 ut
559 3201 643 3253 clerici
662 3199 770 3266 majores
794 3201 912 3270 conjugia
931 3199 1108 3251 contrahentes
1127 3199 1192 3248 inter

116 3283 198 3336 laicos
220 3285 380 3339 raierrentur.
407 3285 469 3340 ltov.
489 3291 513 3340 a.
531 3303 552 3338 c.
569 3291 591 3342 5.
611 3287 665 3355 (lus
684 3287 778 3353 civile).

73 3372 96 3436 ¹)
116 3367 217 3438 linopp.
239 3389 263 3439 p.
285 3373 342 3425 tat.
368 3381 417 3424 not.
453 3371 621 3426 Devotilust.
646 3389 736 3425 canon.
761 3375 862 3425 tamt.
885 3373 988 3439 5128.
1024 3369 1140 3422 Carrierc
1160 3367 1191 3418 da

115 3473 224 3513 sacram.
247 3467 317 3511 matr.
346 3467 363 3510 t.
383 3462 406 3511 2.
425 3462 449 3524 S.
469 3459 526 3511 aab.
564 3459 739 3511 Permaneder.
775 3457 817 3510 lus
841 3456 937 3510 Canon.
962 3459 986 3522 S.
1004 3457 1063 3507 253.
1083 3484 1115 3493 -
1135 3469 1191 3504 can.

117 3549 147 3599 li
169 3545 225 3596 dist,
250 3545 291 3596 32.
310 3543 406 3609 (Urban
422 3545 453 3596 ll.
481 3547 557 3596 immo
582 3559 643 3596 vero
669 3545 824 3614 probabilius
843 3545 913 3596 Alex.
932 3541 963 3596 ll.
982 3541 1014 3594 ad
1032 3539 1191 3592 Dourinicum

115 3632 193 3686 Grad.
211 3629 348 3682 Patriarch.
370 3631 435 3682 1063
455 3647 476 3682 c.
497 3633 537 3683 10.
556 3629 611 3684 eod.
626 3623 732 3697 ’(1089),
757 3647 813 3682 can.
832 3631 856 3682 8.
875 3630 929 3681 diat.
950 3631 991 3681 27.
1010 3635 1107 3698 quaest.
1125 3628 1146 3678 l.
1158 3657 1191 3664 -

115 3719 167 3770 bib.
185 3717 228 3769 tv,
248 3717 339 3768 Deerat
364 3719 399 3768 tit.
419 3719 443 3768 5.
462 3733 484 3768 c.
505 3717 527 3768 l.
551 3719 586 3779 (a.
611 3717 698 3783 trab).
735 3715 823 3768 Graeci
847 3724 930 3768 tamen
960 3717 1069 3783 rigorem
1094 3711 1190 3765 decreti

115 3803 256 3873 Imperialia
280 3811 411 3854 eraserunt
440 3819 486 3870 per
510 3801 641 3866 canones,
665 3818 728 3872 quos
751 3812 845 3856 vocant
866 3801 1018 3861 l'rulluuor,
1043 3813 1073 3850 er
1100 3798 1190 3871 quibus

116 3891 213 3942 clericis
231 3891 258 3940 in
276 3887 301 3940 S.
321 3886 456 3940 Ordinibus
475 3891 616 3940 constitutis
641 3889 700 3940 licet
723 3891 750 3940 in
768 3891 926 3940 matrimonio
948 3899 1096 3947 remanere,
1123 3883 1191 3954 quod
1296 3905 1300 3910 ·

116 3985 174 4029 ante
193 3974 315 4028 Orthnem
334 3973 535 4027 Subdiacouatur
554 3975 677 4037 inierunt,
702 3971 747 4026 sed
764 3975 827 4027 hacc
844 3975 928 4042 praxis
952 3985 1081 4040 uunquam
1100 3987 1191 4042 appro·

115 4063 174 4119 bata
193 4069 234 4116 eat
253 4077 269 4114 a
287 4061 359 4116 liorar
377 4061 502 4128 pontifice.
519 4091 554 4103 -
573 4063 607 4128 (c.
626 4063 649 4116 l.
668 4061 732 4116 Diat.
750 4061 791 4116 32.
810 4059 985 4134 niquitate).
