2736 4660
503 195 583 252 mres
602 196 805 250 matrimoniales.
1163 175 1226 246 379

91 373 181 435 quarn
205 354 406 418 confessarius
421 355 547 418 eandem
566 355 735 418 facultatem
754 359 965 436 exequeretur,
989 359 1102 416 mutato
1119 358 1229 432 animo,

92 457 156 518 vult
186 457 303 520 Bertam
337 458 463 533 ducere;
501 464 526 521 si
561 458 641 520 hunc
672 462 803 520 animum
838 458 1005 538 factamque
1037 461 1231 520 mutationem

89 560 277 623 confessario
301 561 480 638 manifestet,
504 565 653 643 poteritne
671 564 728 622 iste
740 562 891 626 obtentam
910 565 1020 640 exequi
1035 557 1232 620 facultatem?

179 661 266 744 Resp.
291 664 543 748 Distinguendum
567 671 627 738 est;
657 665 706 725 vel
729 667 809 726 enim
840 663 877 726 ad
900 662 1091 724 obtinendam
1115 681 1132 724 a
1155 665 1233 724 sim-

92 766 160 846 plici
185 771 329 828 castitatis
351 772 421 830 voto
451 766 702 850 dispensationem
725 745 1062 849 Sempronius'causam
1096 765 1230 842 adduxit,

91 886 170 948 quae
192 869 302 932 bonum
326 871 544 952 utilitatemque
566 875 707 951 respiciat
729 867 844 943 bertae,
870 875 949 950 puta,
973 867 1052 948 quod
1076 885 1141 929 eam
1165 871 1233 928 vir·

90 976 194 1054 ginem
218 971 424 1047 defloraverit,
449 979 704 1136 quaenpropterea
727 977 849 1054 innupta
873 977 1058 1047 remaneret,
1088 975 1144 1033 nisi
1167 973 1232 1051 ipse

91 1074 218 1135 eandem
248 1075 387 1151 duceret,
418 1082 448 1136 et
470 1093 520 1138 sca
563 1075 608 1137 ala
631 1081 681 1137 aut
703 1081 788 1138 rixae
811 1080 889 1138 inter
911 1075 1038 1138 familias
1061 1080 1231 1145 orirentur;

90 1177 140 1238 vel
163 1177 276 1258 prolata
299 1177 335 1240 ab
359 1196 396 1241 eo
419 1195 509 1240 causa
533 1195 566 1240 sa
590 1185 672 1240 tenet
694 1177 839 1242 duntaxat
863 1195 901 1240 ex
923 1185 1008 1260 parta
1029 1183 1125 1258 ipsius
1143 1177 1233 1242 Sem-

90 1283 200 1360 pronii,
226 1285 275 1360 qut
300 1282 555 1362 dispensationem
579 1274 722 1362 petierat,
747 1281 827 1362 quod
852 1301 960 1362 nempe
982 1281 1110 1343 stimulis
1134 1284 1232 1342 carnis

89 1387 262 1462 exagitatus
285 1401 318 1446 se
341 1383 453 1446 diutius
475 1387 631 1448 continere
654 1383 990 1462 vehementerdubitet,
1015 1388 1070 1444 nisi
1096 1401 1134 1444 ex
1156 1401 1234 1463 apo-

89 1485 196 1548 stolica
219 1483 404 1570 indulgentia
424 1490 645 1549 matrimonium
664 1486 827 1550 contrahat.
859 1487 888 1550 Si
902 1492 1044 1568 primum,
1071 1491 1127 1548 nisi
1144 1485 1233 1548 Sem-

89 1593 214 1668 pronius
238 1605 303 1649 eam
328 1595 600 1674 virginem,''quam
617 1589 826 1666 defloraverat,
849 1592 904 1652 sibi
927 1595 959 1652 in
983 1605 1108 1652 uxorem
1133 1590 1231 1667 ducat,

90 1709 154 1752 non
188 1695 298 1772 poterit
330 1694 433 1773 procul
468 1693 558 1754 dubio
590 1692 793 1756 confessarius
821 1698 930 1774 exequi
960 1694 1232 1774 dispensationem

87 1797 171 1873 quia,
196 1794 381 1856 substantiali
406 1813 495 1858 causa
520 1802 668 1872 cessante,
691 1799 774 1857 irrita
790 1811 912 1876 prorsus
935 1803 965 1857 et
983 1796 1062 1857 nulla
1085 1795 1233 1856 reddere-

86 1903 139 1958 tur
161 1901 223 1977 ipsa
253 1896 444 1979 dispensatio.
492 1899 522 1964 Si
550 1899 717 1960 secondom
749 1899 848 1978 dicas,
880 1903 996 1961 etiamsi
1026 1898 1231 1977 Semproniae,

88 2018 178 2080 quam
203 2001 457 2080 dispensationem
480 2006 575 2083 petiit,
600 2005 729 2064 animum
753 2002 905 2064 habuisset
920 2001 1075 2064 ducendae
1097 2007 1128 2063 in
1152 2019 1233 2064 uxo-
1306 2001 1309 2008 '

88 2121 155 2164 rem
180 2105 375 2180 Petronillae,
412 2109 442 2165 et
469 2103 590 2168 obtenta
625 2104 765 2168 facultate
792 2110 924 2166 animum
953 2103 1033 2166 hunc
1064 2107 1232 2178 mutaverit,

88 2205 186 2268 adhuc
209 2211 319 2288 potem't
338 2212 423 2269 'omni
456 2205 547 2270 dubio
568 2210 672 2286 procul
694 2208 895 2270 confessarius
926 2208 1156 2287 dispensationis
1178 2205 1232 2268 ht-

87 2315 170 2372 teras
194 2314 366 2372 executioni
390 2309 545 2384 mandare3
577 2313 601 2372 si
626 2310 748 2390 quidem
772 2315 802 2372 in
825 2309 881 2371 hac
895 2308 1054 2391 hypothesi
1078 2311 1119 2372 nil
1142 2317 1232 2390 pror-

88 2429 142 2475 sus
164 2413 202 2474 ad
217 2411 470 2494 dispensationem
489 2417 593 2475 attinet
615 2429 650 2476 ea
662 2431 801 2493 persona,
825 2417 942 2474 tametsi
967 2429 1109 2492 expressa
1124 2413 1231 2474 fuisset

88 2519 120 2575 in
143 2519 208 2595 ipsa
231 2516 463 2596 dispensatione,
488 2535 555 2578 cum
579 2535 637 2598 qua
661 2523 708 2578 est
730 2515 976 2592 contrahendum,
1000 2531 1057 2576 nec
1079 2515 1128 2577 illa
1154 2514 1232 2578 ulla-

91 2623 179 2680 tenus
202 2617 355 2681 Summum
380 2619 569 2695 Pontificem,
598 2626 630 2681 ut
652 2617 829 2700 Sempronio
857 2617 1043 2702 indulgeret,
1075 2621 1228 2694 movisset,

90 2724 150 2782 nisi
182 2718 258 2782 forte
287 2727 319 2784 in
349 2727 416 2802 ipso
448 2723 574 2803 supplici
605 2722 725 2796 libello,
757 2739 899 2803 expressa
923 2720 1065 2799 muliere,
1098 2720 1230 2782 additum

91 2829 183 2899 esset,
208 2841 310 2886 secum
332 2830 463 2888 invicem
494 2824 639 2888 hactenus
661 2831 693 2886 in
715 2825 917 2887 concubinatu
949 2823 1070 2887 eosdem
1095 2829 1231 2886 versatos

90 2927 196 3002 fuisse,
219 2945 279 3008 quo
302 2932 332 2990 in
355 2946 426 2990 casu
449 2927 486 2990 ad
509 2928 606 2990 solum
631 2930 852 2990 matrimonium
875 2927 1044 2989 interillos
1066 2925 1229 2988 ineundum

90 3029 293 3110 dispensatum
316 3037 508 3106 censeretur3
531 3037 561 3096 at
583 3037 639 3096 nisi
662 3032 720 3094 hoc
742 3028 874 3092 additum
897 3035 996 3104 esset,
1028 3029 1078 3090 illa
1102 3033 1232 3092 nominis

90 3149 126 3192 ac
149 3131 265 3212 puellae
288 3139 445 3214 expressio
458 3139 549 3211 esset,
574 3135 645 3216 quid
661 3153 743 3204 mere
760 3133 952 3210 accidentale,
980 3139 1010 3193 et
1032 3132 1068 3194 ad
1084 3150 1230 3194 summum

92 3234 257 3298 faciliorem
281 3236 408 3298 reddere
422 3239 568 3318 potuisset
584 3237 620 3300 ad
633 3235 885 3317 dispensationem
903 3233 1125 3298 concedendam
1141 3231 1232 3297 Sum·
1293 3218 1303 3238 ‘

93 3359 173 3401 mum
197 3339 382 3416 Pontificem,
405 3345 456 3422 qui
479 3346 579 3402 tamen
603 3339 733 3418 candem
751 3343 838 3401 ctiam
863 3330 929 3402 sin'e
950 3345 1015 3418 ipso
1039 3337 1254 3400 nihilominus,

93 3447 308 3519 concessisset3
339 3461 427 3526 quam
452 3444 575 3506 obrem
603 3447 633 3506 in
656 3443 711 3506 hac
733 3447 939 3524 suppositione
968 3445 1078 3522 poterit
1109 3437 1233 3501 confes-

91 3549 188 3606 sarius
212 3545 381 3608 mandatum
405 3566 492 3610 suurn
512 3551 631 3628 exequi,
656 3553 685 3607 et
696 3543 873 3626 Sempronio
888 3549 1071 3626 permittere,
1095 3547 1127 3604 ut
1142 3545 1231 3604 etiam

90 3647 198 3710 bertae
222 3647 322 3728 nubat,
347 3649 436 3713 modo
460 3655 558 3711 tamen
582 3654 619 3711 iis
642 3653 740 3712 carnis
763 3649 891 3711 stimulis
906 3666 979 3709 vere
1002 3645 1169 3723 divexetur,
1194 3645 1232 3708 ob

90 3767 166 3830 quos
190 3749 444 3831 dispensationem
468 3754 561 3833 petiit.
608 3751 649 3814 lta
673 3757 873 3814 communiter
896 3749 1041 3818 Doctores
1051 3743 1087 3827 1).

123 3973 145 4043 ¹)
168 3972 250 4028 &aaa
269 3971 412 4028 comatam
431 3973 525 4028 Beuod.
543 3974 608 4028 xit.
627 3975 677 4029 vol.
695 3977 720 4030 3.
739 3992 763 4046 p.
784 3975 842 4030 tto.
859 3983 886 4032 ot
903 3991 956 4046 rep.
