2758 4664
305 245 343 298 ile
360 247 547 316 impedimentis
564 249 749 302 matrimonium
768 247 950 307 ducentibus.
1147 233 1207 300 165

158 405 288 480 muttum,
320 408 352 463 et
373 403 448 466 alter
470 409 675 482 consenserit,
699 405 748 466 vel
766 405 902 486 jusserit,
926 405 976 468 vel
998 411 1106 468 neuter
1127 375 1208 487 phy⁴-

159 507 222 564 sice
251 511 431 586 cooperatus
458 506 549 571 luerit
578 505 614 570 ad
645 525 764 582 necem3
796 512 864 587 qula
892 506 1003 570 sullicit
1032 513 1207 588 cooperatio

159 605 282 668 moralis
296 625 349 688 per
371 607 540 672 mandatum
556 609 776 672 velconsilium
798 609 947 672 occidenti
970 609 1080 673 datum.
1092 609 1117 684 ¹)
1138 609 1206 674 Nou
1229 603 1246 633 ‘

159 713 258 770 autem
289 709 400 776 suiten
422 712 486 774 sola
508 710 679 776 ratihabitio
708 711 808 774 caedis
830 712 916 776 alteri
944 714 1067 796 conjugi
1095 713 1206 793 illatae,

160 816 230 892 quia
256 818 391 897 exigitur
419 814 599 878 machinatio
626 819 658 878 tn
687 833 809 892 necem,
843 814 939 894 qualis
969 833 1029 878 uon
1053 821 1099 876 est
1125 833 1207 878 mera

158 914 339 988 ratihabitio.
348 915 378 994 ²)

160 1017 330 1092 Quaerite.-

161 1121 332 1196 Quocritur
345 1121 391 1197 l0)
404 1141 442 1186 an
452 1120 698 1202 impedimentum
708 1121 766 1184 hoo
780 1127 912 1186 crimtrds
927 1127 1098 1186 incurratur
1111 1123 1148 1186 ab
1159 1142 1209 1202 eo,

69 1230 123 1304 qui
145 1229 333 1307 ignoraverit
352 1229 419 1288 istis
442 1224 615 1290 criminibus
637 1223 775 1304 impediri
798 1229 828 1285 et
841 1224 940 1288 dirimi
963 1226 1209 1290 matrimonium?

160 1327 373 1408 licitationem
396 1328 550 1390 dubitandi
569 1327 641 1390 daut
665 1333 760 1407 pauci,
785 1331 855 1407 quia
875 1327 1122 1408 impedimentum
1145 1333 1209 1390 eri-

68 1436 162 1494 miuis
179 1430 268 1492 hahet
283 1435 430 1493 rationem
444 1447 561 1510 poenae
576 1448 631 1512 pro
648 1435 818 1510 perpetrato
836 1433 977 1504 crirnine3
996 1434 1077 1508 atqui
1092 1447 1208 1509 poenae

68 1537 340 1596 nonincurruntnr
362 1534 398 1596 ab
411 1537 459 1606 iis,
482 1538 533 1614 qui
546 1533 762 1596 invincibiliter
785 1538 927 1617 ignorant
949 1551 1001 1598 eas
1019 1551 1087 1596 esse
1109 1538 1209 1596 statu-

68 1643 137 1712 tas3
160 1671 200 1682 -
225 1655 299 1720 ergo
323 1643 379 1700 eto.
426 1637 484 1700 Sed
507 1642 621 1698 certum
645 1641 707 1710 est,
727 1636 975 1716 impedimentum
996 1635 1076 1698 istud
1097 1639 1211 1698 incurri

68 1745 163 1804 etiam
187 1741 223 1802 ah
243 1745 415 1823 ignorante,
440 1739 605 1820 quiaillud
628 1757 689 1800 uon
711 1743 757 1800 est
779 1757 860 1800 mera
883 1755 989 1818 poena,
1014 1737 1067 1801 scd
1088 1736 1211 1800 inhabi-

67 1843 139 1906 litas
160 1847 192 1904 in
216 1861 343 1923 poenam
362 1844 434 1924 jure
457 1847 620 1905 constituta
643 1846 733 1906 etiem
753 1846 924 1924 ignoranti:
948 1840 1119 1921 etquidem
1142 1859 1211 1904 me·
1288 1879 1296 1886 -

68 1952 144 2024 rito,
169 1951 237 2025 quta
252 1945 364 2008 bonum
379 1961 537 2006 commune
551 1950 687 2026 requirit,
704 1951 736 2006 ut
753 1949 944 2006 matrimonio
961 1949 1041 2008 iuter
1055 1961 1210 2024 personas,

67 2067 150 2130 quae
172 2049 362 2132 corrjugalem
376 2048 496 2110 thorum
519 2047 667 2110 adulterio
682 2048 865 2127 polluerunt,
887 2047 1049 2112 accedente
1071 2051 1209 2127 pactione

68 2150 197 2231 nuptiali
216 2151 265 2212 vel
287 2151 507 2215 machinatione
528 2156 561 2214 in
585 2169 689 2212 uecem
710 2153 851 2234 conjugis
873 2152 1011 2233 legitimi,
1034 2154 1210 2232 inquantum

66 2254 136 2316 lieri
161 2258 260 2333 potest
282 2253 411 2318 humano
434 2253 541 2331 modo,
565 2259 684 2333 penitus
707 2251 944 2327 eradicou'tur.³)
1213 2317 1216 2322 ,

160 2355 331 2430 Quaeritur
350 2355 399 2430 2⁰)
422 2375 458 2420 an
481 2355 539 2420 hoc
559 2355 805 2436 impedimentum
829 2359 963 2418 oriminis
986 2358 1076 2416 etiam
1096 2352 1209 2416 iulide-
1275 2401 1281 2410 .

67 2459 115 2521 les
139 2459 269 2540 tangat?

159 2568 192 2641 it.
217 2561 336 2624 Certum
360 2569 420 2642 est,
448 2563 480 2638 l)
503 2561 561 2624 hoc
574 2562 831 2642 impedimentum,
855 2579 921 2622 cum
944 2563 983 2622 sit
1006 2560 1043 2622 de
1061 2561 1132 2641 jure
1153 2576 1210 2620 ec-

69 2667 253 2742 clesiastico,
278 2682 339 2726 nou
356 2664 466 2728 hebere
489 2666 586 2728 locum
606 2666 719 2728 directe
741 2670 822 2726 inter
833 2662 979 2740 infideles,
1005 2666 1063 2724 nisi
1086 2659 1209 2740 speciali

67 2769 140 2852 lege
165 2768 285 2847 politica
307 2773 387 2829 inter
408 2773 490 2848 ipsos
511 2770 666 2832 inductum
690 2772 745 2844 sit;
770 2766 804 2844 2)
829 2772 942 2829 certum
966 2771 1023 2844 est,
1045 2762 1125 2825 idem
1147 2766 1209 2824 im-

68 2872 277 2951 pedimentum
305 2871 406 2933 induci
429 2891 515 2950 casu,
548 2890 608 2954 quo
632 2890 707 2934 unus
737 2869 849 2948 fidelis,
880 2876 911 2931 el
933 2869 980 2931 bic
1007 2887 1075 2929 oum
1096 2863 1209 2928 infideli
1296 2887 1299 2898 t

99 3147 122 3212 ¹)
141 3143 256 3198 Sancheu
274 3145 291 3196 l.
309 3161 331 3196 c.
350 3149 418 3202 ωδ.
438 3161 494 3198 cum
513 3146 640 3196 communi
658 3145 791 3195 sententia.
899 3187 909 3211 ,

98 3235 122 3298 ²)
141 3231 283 3300 Schmalug.
302 3231 319 3282 l.
338 3247 360 3282 c.
379 3249 404 3281 n.
423 3231 463 3282 56.

98 3321 122 3384 ³)
141 3317 282 3386 Schmulzg.
302 3317 317 3368 1.
336 3333 357 3367 c.
376 3333 401 3368 u.
420 3318 461 3368 59.
480 3315 606 3378 Schmier,
629 3313 758 3378 Boclthn,
781 3313 1017 3366 herocampiae.
1036 3341 1069 3351 -
1093 3310 1208 3362 Pastores

141 3407 297 3464 animarum,
323 3405 342 3452 ei
369 3417 400 3452 ex
423 3403 616 3453 circumstantiis
640 3404 750 3468 euspicio
774 3403 868 3452 oriatur
894 3401 925 3452 de
948 3401 996 3451 hoc
1020 3397 1207 3466 impedimento,

139 3498 216 3542 ceute
235 3490 385 3556 inuestigare
404 3486 505 3550 debent,
523 3490 672 3555 praesertim
690 3490 716 3538 iu
734 3487 920 3538 confessionali.
941 3486 966 3536 V.
977 3503 1001 3554 g.
1012 3488 1034 3536 si
1051 3485 1141 3536 aneilla
1159 3499 1209 3552 po-

140 3576 217 3627 stulet
234 3573 330 3626 nubere
349 3573 410 3626 hero
428 3587 474 3624 suo
493 3583 607 3626 recenter
626 3573 718 3635 viduo,
736 3581 761 3624 et
779 3573 908 3641 detegatur
926 3571 1147 3638 impedimentum,
1172 3572 1209 3624 sic

140 3661 226 3714 dicere
240 3662 342 3728 poterit:
361 3659 493 3722 Quomodo
511 3668 563 3710 tam
582 3662 632 3710 cito
650 3667 706 3726 post
724 3666 831 3712 mortem
849 3658 962 3727 conjugis
973 3655 1049 3708 vultis
1067 3655 1208 3724 conjungi?

141 3765 174 3798 au
197 3755 237 3798 sut
255 3755 352 3798 mature
376 3753 401 3798 et
423 3754 461 3798 eat
480 3745 521 3796 diu
541 3745 696 3797 deliberastis
722 3746 753 3798 de
778 3747 933 3798 matrimonio
958 3741 1087 3794 ineundo?
1124 3757 1156 3792 an
1175 3739 1206 3790 de

126 3849 173 3888 ‚eo
191 3835 320 3901 cogitastis
335 3831 387 3896 jam
407 3840 466 3884 aute
484 3840 588 3882 mortem
608 3833 744 3900 conjugis?
769 3834 789 3883 si
808 3831 955 3882 affirmative
973 3826 1125 3895 respondeat
1142 3840 1207 3893 poe·

141 3921 239 3981 nitens,
264 3926 352 3987 perget
376 3918 558 3970 confessarius:
586 3935 619 3970 au
645 3919 793 3985 promisistis
817 3917 1001 3968 matrimonium
1027 3927 1092 3964 uuus
1116 3911 1207 3965 alteri?

141 4005 188 4058 lte.
205 4033 240 4044 -
257 4004 298 4056 Au
317 4004 401 4073 eliqua
418 4004 572 4056 familiaritas
589 4007 655 4056 inter
672 4019 719 4057 voe
736 4003 796 4070 intr,
814 4007 916 4056 virente
933 3998 1062 4072 conjuge?
1081 4006 1129 4054 ete.
