2746 4646
163 170 225 245 150
401 187 438 250 De
454 186 641 256 impedimentis
659 187 841 240 matrimonium
857 183 1041 250 dinmentlhnu

156 345 245 430 leges
268 343 372 406 civiles
393 347 425 406 in
448 343 544 424 eliqua
568 343 723 421 provincia
751 343 891 424 vigentes
915 339 1044 404 eandem
1071 340 1184 404 alliciat
1214 339 1302 402 rela-

159 453 270 509 tionem
293 451 372 506 iater
393 445 583 524 adoptantem
606 450 637 506 ei
650 443 833 524 adoptatum,
856 462 943 525 quem
960 443 1075 506 inducit
1088 443 1301 522 lextromsna,

160 551 295 632 quamvis
318 547 456 610 diversae
479 551 539 608 siat
561 546 676 610 lornrae
698 545 793 630 legis,
821 564 942 626 semper
970 545 1104 626 contrahi
1126 549 1158 608 in
1190 545 1302 610 eadem

129 635 130 638 ¹
160 656 354 728 extensione,
379 669 468 730 quam
500 650 550 712 lex
577 650 778 712 ecclesiastica
808 646 992 726 delinivit¹).
1023 683 1068 698 -
1095 649 1173 712 Unio
1198 656 1303 714 tumen

158 755 285 836 prolium
315 772 354 814 ex
381 754 502 814 diverso
534 757 722 816 matrimonio
752 751 850 832 quoad
885 751 1040 832 aequalem
1070 755 1302 816 successionem

158 862 190 920 in
213 857 298 920 bonis
321 861 453 940 paternis
475 861 506 918 ei
527 859 668 918 maternis
692 855 805 918 nullum
835 862 937 921 causat
960 856 1209 936 impedimentum
1234 873 1303 916 rae-

159 937 310 1035 irimonii;
332 959 409 1022 idem
423 959 581 1033 dicendum
604 958 642 1020 de
665 963 855 1038 susceptione
877 959 1006 1039 simplici
1028 959 1155 1042 aiicujus
1172 956 1303 1040 orphani

158 1049 203 1148 ed
216 1063 407 1152 mutuandum
431 1069 460 1124 et
483 1060 679 1136 educandum.

650 1195 702 1262 -ς,
725 1183 778 1252 40.

490 1311 536 1380 hl.
558 1311 595 1378 lle
617 1313 801 1398 impedimento
823 1311 971 1378 silinilriis
1058 1364 1074 1388 .

251 1423 260 1432 Α

200 1517 215 1541 ,,
243 1469 266 1532 1.
296 1469 450 1552 Affiniias
468 1473 513 1530 est
543 1473 746 1550 propinquitas
777 1463 1009 1552 personarum²)
1033 1475 1098 1532 orla
1121 1487 1162 1535 ex
1193 1468 1301 1548 copule

159 1572 307 1656 perlecta,
338 1577 403 1634 sive
433 1571 532 1648 licita,
561 1577 625 1634 sive
656 1572 776 1650 illicita,
807 1591 861 1654 per
882 1573 1018 1654 copulem
1042 1577 1123 1634 enim
1147 1573 1300 1634 carnalem

158 1681 206 1738 vir
229 1682 259 1736 ei
281 1674 390 1736 semim
413 1673 487 1736 hunt
510 1694 568 1736 uaa
592 1693 672 1752 earo,
696 1675 775 1738 unde
798 1677 875 1739 duae
898 1681 1111 1760 cognationes,
1141 1693 1224 1756 quae
1248 1675 1299 1736 di-

159 1795 265 1842 versae
287 1782 364 1840 inter
385 1795 419 1838 se
433 1785 511 1854 suat,
537 1797 589 1858 per
612 1785 728 1860 nuptias
747 1779 932 1858 copulantur,
957 1785 987 1840 el
1009 1780 1101 1844 alteru
1125 1779 1162 1842 ad
1173 1779 1299 1840 alterius

158 1883 348 1963 cognationis
368 1881 460 1958 finem
490 1879 649 1956 accedit-'tp
694 1881 852 1944 Vinculum
882 1881 1035 1947 affinitatis
1058 1887 1104 1944 est
1126 1885 1299 1962 proximum

86 2056 92 2076 l
191 2051 212 2116 ¹)
232 2051 330 2117 Knopp.
350 2067 373 2116 p.
394 2049 451 2101 tet.
471 2049 528 2100 lei.
550 2077 585 2087 --
611 2049 741 2112 Garriere,
760 2051 876 2102 lustruct.
895 2059 958 2118 past.
976 2049 1072 2118 Eystet,
1090 2070 1115 2120 p.
1134 2052 1194 2104 294.
1214 2053 1301 2102 statuit

228 2147 255 2187 ut
279 2139 375 2204 qaroties
403 2139 428 2186 in
452 2151 512 2185 casu
536 2139 685 2188 matrimonii
709 2135 871 2187 contrahendi
897 2139 951 2189 sive
975 2139 1095 2188 contracti
1120 2139 1299 2207 quaestionem

228 2237 307 2289 snper
331 2221 378 2272 hoo
402 2221 583 2288 impedimento
610 2224 704 2274 moveri
735 2227 878 2291 eontiagat,
903 2223 934 2274 sd
963 2221 1121 2274 Ordinarium
1144 2231 1300 2275 recurratur.

224 2307 334 2360 Kenrirlr
353 2307 428 2358 theol,
447 2307 533 2357 moral.
554 2324 577 2372 p.
596 2309 619 2357 3.
640 2325 663 2374 ρ.
682 2309 741 2360 335.
757 2289 856 2376 ,quum
876 2326 906 2360 ex
924 2309 1099 2378 theologorum
1118 2311 1249 2360 communi
1263 2307 1303 2373 (i)

224 2398 348 2446 sententia
368 2394 572 2460 impedimentum
592 2410 622 2444 rx
642 2394 775 2459 adoptione
788 2396 898 2458 perlecta
913 2404 1007 2448 tantum
1022 2399 1126 2456 oriatur,
1144 2411 1213 2464 qrrne
1232 2393 1301 2462 apud

219 2497 265 2530 aas
286 2497 334 2544 apa
356 2480 474 2540 hahetur,
498 2479 558 2530 nihil
579 2478 619 2531 hic
637 2479 736 2530 obstare
755 2479 853 2532 videtur
869 2479 921 2542 (ἲ),
942 2483 1001 2548 quia
1021 2483 1060 2532 vir
1078 2480 1153 2531 ducat
1176 2479 1299 2550 puellam,

219 2583 293 2634 quain
314 2565 379 2615 filiae
406 2567 461 2615 loco
482 2565 603 2615 hacteuus
627 2565 722 2616 habuit.
758 2565 830 2628 Quae
849 2565 902 2616 lieri
921 2565 1011 2617 dicitur
1035 2565 1103 2634 apud
1122 2582 1169 2616 nos
1194 2565 1298 2633 adoptio

218 2659 273 2704 tota
290 2651 383 2715 pandet
402 2665 432 2702 ex
460 2650 563 2700 arbitrio
588 2650 759 2717 adoptantis&
794 2651 833 2702 Ex
857 2651 928 2703 dictis
948 2662 1031 2704 tamen
1055 2659 1141 2719 patet,
1167 2667 1220 2703 non
1240 2668 1298 2702 esse

219 2737 478 2807 quaerendaaunam
498 2736 598 2802 adoptio
616 2737 683 2804 apud
703 2738 749 2787 hos
767 2737 927 2804 sitperiects,
946 2754 1037 2800 necue,
1055 2736 1100 2787 ssd
1120 2738 1216 2804 potius,
1235 2753 1298 2790 num

217 2827 249 2890 tit
268 2821 377 2892 legitime
401 2823 460 2884 inita
479 2830 505 2872 et
522 2823 647 2874 concedat
664 2823 782 2892 adoptato
797 2823 840 2888 Jos
866 2823 909 2875 filii
928 2824 1050 2889 sensilium
1072 2825 1095 2876 si
1113 2825 1161 2883 its,
1181 2823 1296 2890 impedi·

181 2901 184 2908 ¹
218 2919 329 2961 ruentum
349 2907 463 2958 coarrahi
483 2911 558 2963 ctiam
577 2909 644 2974 apud
664 2924 710 2959 nos
728 2909 837 2962 videtur.

181 2993 203 3059 ¹)
223 2993 308 3044 Oritur
327 2993 436 3044 alfiriitas
461 3011 490 3046 rx
518 2993 608 3062 copula
635 2997 700 3046 iuter
718 3010 792 3045 senes
815 3003 840 3044 et
863 2994 977 3050 steriles.
1004 2996 1080 3044 etiarn
1105 3009 1161 3046 cum
1187 2995 1296 3048 muliere

219 3081 306 3138 invita,
327 3067 404 3139 eliria,
424 3083 526 3141 insana,
551 3081 665 3131 sirriililer
683 3079 714 3131 ad
733 3079 930 3131 contrahendam
955 3079 1104 3130 asinitatem
1127 3063 1189 3130 nihil
1208 3081 1295 3146 relect,

169 3191 171 3198 ι
220 3151 252 3214 aa
272 3163 363 3230 copula
387 3165 486 3216 occulta
513 3169 559 3226 sit,
588 3183 621 3218 aa
647 3183 711 3228 non,
738 3174 764 3216 et
786 3170 987 3236 quotiescunque
1014 3173 1114 3218 constat
1140 3163 1173 3217 de
1192 3166 1294 3234 copule,

219 3259 394 3318 praesumetur
413 3253 438 3302 in
457 3252 510 3302 loro
528 3261 633 3304 externo
650 3263 831 3304 consummata.
867 3251 954 3315 „Dens
979 3251 1011 3304 de
1028 3253 1135 3304 assurim.
1152 3267 1179 3306 n.
1194 3253 1242 3306 98.
1260 3281 1296 3292 -

219 3352 312 3404 neque,
331 3353 381 3386 unu
400 3336 529 3398 deluat-to,
549 3341 726 3406 in.superslite
744 3340 852 3390 alhniias
871 3338 996 3390 deletur‘h

161 3423 200 3493 0³)
220 3422 244 3474 S.
263 3421 349 3473 Thoai.
367 3423 449 3490 suppl.
473 3435 569 3492 quaest.
588 3429 629 3480 55.
648 3442 670 3476 a.
692 3425 713 3482 l.
749 3425 884 3488 „Amicitia
908 3423 1032 3498 quaedam
1057 3423 1177 3477 naturalis
1196 3424 1293 3494 (qualis

217 3517 254 3559 est
273 3506 391 3572 allionicus)
411 3513 435 3560 ia
454 3513 680 3562 coiriarrrrricatione
700 3512 806 3562 naturali
825 3510 958 3574 fundatur3
978 3507 1096 3562 naturalis
1114 3517 1200 3562 sutem
1219 3526 1293 3564 conr·

191 3655 194 3662 γ
216 3596 355 3645 munientia
373 3605 411 3648 est
429 3594 528 3646 daubus
548 3596 641 3661 arrodis3
667 3612 718 3648 uno
738 3596 811 3647 modo
831 3613 875 3664 prr
894 3597 979 3646 earnis
998 3597 1214 3662 propagationem,
1244 3597 1292 3650 olio

215 3679 291 3732 srrodo
310 3681 574 3746 perconjunctionem
594 3681 625 3732 ad
644 3684 727 3734 carnis
744 3685 950 3752 propagationem
969 3681 1159 3734 ordinatam...
1179 3680 1291 3735 Persona

216 3767 415 3833 conjuactaper
433 3765 558 3820 cursualem
578 3769 693 3834 copulam
713 3783 762 3818 non
781 3769 808 3820 lit
826 3771 954 3836 particeps
973 3766 1087 3832 ejusdem
1106 3768 1216 3828 radicis,
1246 3771 1290 3823 sed

178 3840 181 3848 ’
217 3855 288 3919 quasi
308 3851 462 3904 intrinsecum
481 3851 614 3920 adjuncta,
641 3864 666 3919 et
683 3855 740 3908 idco
758 3872 789 3908 ex
807 3855 856 3908 hoe
875 3854 980 3910 ediciam
999 3855 1065 3908 aliud
1083 3871 1164 3926 genus
1182 3859 1290 3922 vinculi,

213 3936 289 4014 quqd
303 3937 421 4006 afflictior
439 3939 537 3994 dicitur.
1225 3934 1228 3940 ¹
