2736 4660
64 157 70 167 ·
164 196 229 276 361
330 213 335 220 “
584 216 665 276 Casus
687 215 892 272 matrimoniales.

165 377 360 456 expressione
382 377 483 436 tannen
505 378 535 436 in
558 393 594 438 ea
617 392 651 438 sa
673 380 788 438 temere
807 379 994 438 contraxisse
1016 377 1253 450 matrimonium,
1278 379 1308 432 et

163 476 307 550 incidisse
335 480 367 539 in
390 495 452 558 cap.
475 476 504 542 5.
528 495 601 540 sess.
627 475 678 540 ti.
706 479 743 544 de
772 477 894 548 reform,
924 483 1007 540 matr.
1059 477 1105 540 Ab
1133 475 1307 558 hujusmodi

157 585 315 647 ,sententia
332 577 491 644 Januanus
514 587 544 642 et
565 580 705 646 Therasia
720 579 904 662 appellarunt
925 579 963 641 ad
974 578 1011 642 Α.
1027 579 1069 659 C,
1093 581 1147 642 sed
1170 579 1308 642 llevriius

163 681 282 748 auditor
304 681 486 746 Sanctissimi
509 701 619 748 ‹rausac
641 688 846 768 cognitionem
858 682 915 747 EE.
936 680 996 746 vv.
1020 681 1181 766 delegavit.
1228 683 1307 745 Pro-

164 801 268 850 cessus
290 783 438 860 odensivi,
461 791 492 848 et
514 785 662 850 defensivi
686 787 759 850 haec
780 793 851 849 sunt
873 790 1030 868 praecipua
1054 789 1170 866 capita:

250 889 356 952 Testes
378 890 538 954 duodecim
565 891 720 972 deponunt
749 890 786 952 de
819 890 984 966 adulterio,
1007 887 1088 969 quod
1110 895 1245 972 arguunt
1267 907 1306 950 cx

165 996 304 1056 continua
327 999 358 1054 et
380 993 536 1056 inhonesta
559 999 801 1070 conversatione,
826 999 857 1054 et
875 1000 989 1073 reptem
1012 1011 1051 1054 ex
1067 990 1200 1054 testibus
1217 991 1306 1052 dictis

164 1093 343 1158 adulterium
354 1094 448 1160 luisse
461 1101 653 1160 commissum
666 1097 779 1162 addunt
802 1115 868 1158 cum
887 1100 1087 1176 promissione
1107 1098 1304 1170 niairimonii,

163 1196 254 1278 idque
276 1197 314 1260 de
336 1199 445 1260 cadite
475 1205 543 1280 pest
570 1205 705 1266 secutam
728 1207 855 1264 moriem
885 1201 972 1278 primi
996 1202 1051 1260 viri
1077 1204 1245 1272 testantur3
1268 1197 1305 1258 de

164 1299 329 1364 machinata
352 1309 449 1366 morte
472 1308 503 1364 et
517 1307 672 1383 propinato
684 1319 804 1366 veneno
826 1306 857 1362 in
869 1301 995 1382 quadam
1009 1299 1142 1364 medicea
1167 1305 1304 1380 potione,

162 1409 204 1468 ita
226 1412 259 1468 ut
290 1413 380 1472 nocte
401 1409 538 1485 sequenti
561 1395 695 1496 infirmus
719 1405 903 1478 decesserit,
927 1407 1018 1468 testes
1041 1411 1109 1466 octo
1132 1402 1170 1462 de
1194 1405 1304 1466 auditu

164 1509 335 1589 deponunt3
358 1527 439 1570 unua
453 1507 490 1570 de
505 1507 725 1588 extrajudioiali
741 1507 934 1571 consessione
952 1508 1011 1568 sibi
1029 1507 1105 1570 iacta
1128 1505 1166 1568 ab
1178 1510 1307 1586 ipsamet

164 1609 326 1689 Theresia,
361 1617 391 1672 et
413 1612 493 1673 alter
522 1610 559 1672 de
589 1609 803 1690 impedimento
826 1615 988 1690 praestito,
1019 1628 1056 1670 ne
1086 1609 1307 1690 praecedentcr

163 1714 220 1778 alia
243 1721 311 1776 vice
333 1719 467 1794 paratum
490 1713 526 1776 ab
548 1731 644 1775 uxore
668 1731 817 1776 venenum
842 1693 999 1776 defunctus
1022 1713 1165 1775 ebiberet.

249 1815 467 1892 contradicta,
491 1821 523 1876 et
546 1833 691 1896 personas
715 1821 834 1878 testium
858 1816 911 1878 llei
936 1820 1095 1890 (accusati)
1120 1817 1226 1896 plures
1250 1835 1307 1877 ex·
1356 1803 1357 1818 ³

163 1923 319 1998 ceptiones
337 1923 516 1998 proponunt,
540 1925 571 1980 et
589 1920 714 1981 ulterius
730 1919 805 1982 tides
825 1917 991 1998 producunt
1007 1925 1135 2000 quatuor
1147 1920 1306 1982 mulierum
1356 1907 1357 1910 ¹

162 2026 300 2101 viciniae,
324 2021 547 2100 affirmantium,
571 2039 605 2084 se
627 2039 779 2104 nunquam
802 2021 952 2084 audivisse
970 2026 1095 2083 relatam
1120 2027 1305 2084 matrimonii

163 2129 402 2206 promissionem.
431 2125 497 2188 Duo
521 2126 639 2206 medici,
664 2131 694 2188 et
717 2125 885 2210 chirurgiae,
908 2129 958 2206 qui
981 2124 1129 2194 infirmum
1152 2131 1305 2201 curarunt,

162 2231 194 2290 in
217 2228 333 2292 lormali
356 2233 494 2292 examine
507 2229 673 2312 ‚deponunt
696 2247 755 2294 non
779 2247 818 2290 cx
841 2236 960 2290 veneno
985 2232 1157 2308 propinato,
1190 2228 1247 2290 sed
1271 2246 1307 2288 ex

162 2336 297 2416 ingenito
321 2337 420 2414 potius
442 2332 592 2394 infirmum
610 2331 789 2410 decessisse,
814 2313 861 2394 cui
885 2336 1009 2404 consoni
1033 2337 1101 2394 sunt
1124 2331 1176 2393 alii
1201 2336 1304 2406 testes,

162 2442 310 2526 negantes
333 2441 424 2498 etiam
447 2440 592 2499 assertam
616 2434 723 2496 lamam
742 2439 893 2518 propinati
911 2438 1032 2512 veneni,
1057 2453 1145 2514 quam
1163 2441 1307 2514 praeten-

163 2539 237 2604 dunt
258 2542 585 2618 exortam-postquam
609 2541 702 2618 prima
726 2542 792 2598 vice
815 2537 956 2600 Oratores
980 2541 1204 2600 matrimonium
1230 2556 1305 2598 con-

137 2703 139 2706 .
162 2641 281 2706 trahere
304 2647 511 2724 procurarunt,
536 2646 566 2705 et
590 2645 658 2718 post
680 2640 885 2704 denuntiatum
909 2661 925 2703 a
948 2647 1031 2720 patre
1047 2640 1181 2716 ianuarii
1207 2644 1305 2719 impe-

161 2745 326 2808 dimentum
346 2748 500 2824 criminis,
535 2761 573 2804 ne
604 2747 826 2806 matrimonium
859 2743 915 2804 sibi
947 2747 1078 2806 invisum
1112 2749 1303 2824 sequeretur.

161 2847 288 2914 Damam
312 2845 479 2912 'exhibetur
509 2843 583 2908 fides
606 2845 722 2908 Notarii
745 2845 851 2908 Curiae
879 2845 984 2910 localis
1008 2849 1162 2920 testantis,
1194 2845 1305 2907 nullam

161 2951 268 3014 adesse
291 2954 321 3012 in
345 2951 412 3032 ejus
436 2948 578 3012 tribunali
602 2952 827 3030 inquisitionem
851 2953 954 3010 eontra
965 2947 1116 3024 Oratores,
1142 2965 1183 3020 eu
1197 2947 1305 3028 quibus

161 3054 289 3134 aliisque
313 3057 369 3114 ete.
393 3051 451 3114 EE.
474 3051 534 3114 VV.
558 3050 719 3115 definiente

249 3156 322 3234 „An
352 3159 575 3226 matrimonium
604 3160 789 3218 contractum
821 3158 900 3216 inter
923 3152 1095 3218 Therasiam
1119 3153 1245 3214 Urbano
1277 3157 1305 3211 ei

159 3258 333 3322 Januarium
365 3256 466 3320 Vitum
496 3257 687 3322 Franciscum
719 3262 759 3320 sit
794 3257 944 3336 validum,
989 3263 1020 3318 et
1054 3259 1243 3318 sustineatur
1275 3259 1303 3314 in

161 3379 249 3441 casu,
278 3365 336 3426 etc.
367 3360 416 3424 die
434 3360 492 3434 it,
513 3360 579 3446 Jan.
611 3364 641 3422 et
670 3355 810 3422 aaran
839 3358 927 3424 1718.
952 3359 984 3423 S,
1009 3360 1041 3422 C.
1066 3358 1096 3442 C.
1127 3357 1302 3438 respondit:

159 3465 281 3544 „Dilata
289 3509 299 3544 ,
329 3462 602 3546 etceadjuventur
633 3462 845 3552 probationes,
871 3469 971 3526 citatis
993 3462 1170 3524 Promotore
1200 3459 1301 3536 fiscali,

160 3575 190 3632 et
214 3574 298 3649 patre
321 3571 472 3648 praetensi
496 3569 631 3646 sponsi.“
676 3647 682 3652 g
964 3625 966 3628 ,

245 3670 302 3738 bie
325 3669 354 3734 2.
366 3670 449 3748 Julii¹
463 3668 555 3748 1718,
581 3688 648 3760 cum
671 3669 750 3735 lacta
772 3668 1081 3752 lueritprobationum
1098 3666 1300 3748 coadJ'uvatio,

160 3780 191 3837 ei
212 3779 340 3854 uterque
358 3772 500 3837 ,citandus
529 3769 621 3835 fuerit
644 3777 766 3852 citatus,
795 3773 832 3835 ad
860 3772 939 3834 idem
969 3772 1091 3835 dubium
1115 3770 1143 3834 S.
1169 3771 1200 3833 C.
1225 3788 1299 3851 resp·

159 3873 382 3957 „Aillrmativq
407 3864 612 3958 ei'amplius“
624 3873 661 3951 ¹).
