2764 4664
184 200 252 276 274
549 214 592 288 Ι110
610 212 787 268 celebratione
805 213 962 282 Nuptiarum.

188 375 268 438 tuale
290 375 437 456 loquitur,
467 392 526 435 non
555 373 733 456 intelligitur
762 376 826 452 ipsa
854 371 1017 434 celebratio
1045 372 1227 434 matrimonii
1259 385 1326 430 oum

186 478 397 542 benedictione
426 475 528 538 armuli
556 483 586 538 et
614 475 809 556 sequentibus
838 475 994 556 precibus,
1026 475 1080 536 sed
1107 475 1177 536 illae
1206 489 1326 554 preces,

186 600 263 665 quae
292 587 323 642 iu
345 580 458 643 blissali
487 579 710 666 inlrallissum
741 597 795 658 pro
818 597 930 658 sponso
952 583 983 640 et
1005 595 1117 658 sponsa
1144 582 1212 656 post
1242 575 1329 635 ccle-

185 685 352 748 brationem
383 686 562 744 matrimonii
594 681 846 761 praescribuntur.
892 681 1114 746 Benedicuutur
1143 686 1245 744 autem
1269 678 1326 738 boc

186 787 277 850 modo
301 786 428 848 solemni
446 787 533 867 Juxta
557 788 666 847 rnonita
689 783 814 846 Ritualis
837 783 979 846 Romania

215 887 249 964 1)
270 889 399 970 Nuptiae
421 893 533 970 primae
556 905 595 947 ex
617 891 700 968 parte
720 891 775 948 viri
800 893 829 948 et
853 888 986 949 mulieris
1004 888 1103 965 simul,
1127 891 1193 949 sive
1217 885 1330 946 mulier

271 998 311 1055 sit
332 997 436 1075 virgo,
460 993 525 1052 sive
548 995 697 1071 corrupta.
709 988 734 1067 ¹)

213 1093 248 1174 2)
270 1077 398 1155 invaluit
415 1090 610 1169 consuetudo,
636 1097 754 1173 nuptias
774 1090 983 1170 benedicendi,
1008 1099 1033 1156 si
1050 1094 1156 1154 mulier
1173 1105 1330 1169 nunquam

272 1201 361 1258 antea
390 1202 480 1276 nupta
503 1194 657 1257 contrabat
678 1214 747 1280 curn
768 1195 837 1272 illo,
869 1199 919 1276 qui
942 1197 1029 1259 aliam
1054 1195 1156 1258 habuit
1185 1208 1327 1268 uxorein,

188 1337 191 1354 .
271 1315 311 1360 ex
334 1317 372 1362 eo
395 1297 511 1376 forsan,
535 1295 616 1378 quod
639 1303 701 1362 tota
725 1297 894 1360 benedictio
924 1298 1064 1378 nuptialis
1087 1298 1247 1358 mulierem
1272 1311 1329 1356 re-

185 1481 190 1493 ,
272 1386 460 1482 spiciat.²)‘

259 1503 448 1566 -Benedictio
471 1507 570 1564 autem
594 1508 723 1564 nonest
746 1502 943 1568 conferenda:

213 1605 248 1683 1)
272 1611 383 1688 nuptiis
405 1605 547 1696 secundis
569 1611 714 1686 exparte
736 1610 793 1668 viri
816 1614 846 1668 et
869 1607 1002 1669 mulieris
1023 1603 1169 1680 simul;³)

188 1709 248 1792 ΙΝ2)
271 1714 382 1789 nuptiis
404 1709 544 1772 secundis
567 1726 605 1768 ex
628 1716 711 1790 parte
732 1711 826 1774 solius
850 1706 1035 1786 mulieris;⁴)

216 1812 251 1888 3)
275 1815 386 1894 nuptiis
408 1817 544 1893 tempore
567 1812 669 1874 clauso
692 1813 860 1876 celebratio.

271 1914 320 1978 lll.
352 1914 433 1976 Haec
464 1915 633 1976 benedictio
665 1915 846 1998 regulariter
875 1916 940 1980 fieri
972 1915 1061 1978 debet
1091 1914 1170 1976 inira
1203 1912 1330 1976 Missum

184 2007 453 2098 eamquc'litssam
477 2022 608 2079 votivam
632 2035 685 2096 pro
708 2036 816 2098 sponso
840 2025 870 2079 et
892 2037 1013 2100 sponsa,
1037 2017 1156 2099 quando
1175 2015 1329 2078 Rubricae

183 2138 250 2183 eam
273 2117 475 2195 admittuntfi)
520 2119 641 2181 Missale
665 2125 712 2192 sic¹
731 2121 835 2182 habet:
859 2121 947 2183 Dicto
970 2121 1085 2200 „Pater
1104 2120 1255 2195 Nocter“,
1280 2135 1327 2178 sa·

183 2221 301 2300 cardos,
325 2228 484 2302 antequam
500 2223 578 2288 dicat
598 2224 736 2300 „Libera
750 2242 818 2298 noc,
840 2243 1040 2306 quaesumus,
1057 2223 1221 2296 Domine“,
1243 2225 1357 2306 stans„

185 1887 199 1908 (ι

182 2329 217 2387 in
238 2343 332 2388 cornu
344 2316 495 2407 Epistolac
513 2343 620 2388 versus
639 2343 780 2405 sponsum
805 2334 835 2387 et
857 2345 996 2408 sponsam
1014 2334 1086 2389 onte
1102 2327 1205 2388 altare
1223 2342 1328 2404 penu·

181 2427 289 2509 flexos,
315 2429 386 2492 dicit
405 2425 496 2508 super
516 2446 569 2490 eos
590 2435 752 2508 sequentes
771 2434 932 2508 orationes,
956 2429 1085 2505 (scilicet
1106 2427 1191 2504 duas,
1216 2426 1340 2506 quibus·

182 2537 362 2612 praesertim
392 2549 446 2613 pro
478 2533 589 2593 femina
622 2532 814 2612 adprecatur,
845 2538 876 2593 ut
906 2551 983 2595 nexa
1013 2529 1083 2593 fidei
1112 2530 1326 2609 mandatisque

187 2766 236 2856 ¹¹)
255 2789 280 2841 s,
299 2789 328 2844 c.
347 2788 376 2842 c.
394 2792 417 2840 2.
437 2787 491 2840 ou.
512 2787 588 2840 issa.

186 2873 189 2880 '
211 2875 238 2942 ¹)'
251 2875 360 2928 Fornici.
380 2875 441 2927 lust.
459 2871 551 2942 Liturg.
571 2874 586 2924 l.
606 2891 627 2926 c.
646 2891 668 2925 c.
688 2873 728 2926 16.

187 2959 235 3025 Ἰ)
254 2961 430 3025 „Matrimonia
459 2963 555 3027 pariter
585 2959 708 3011 aliberis
741 2962 855 3027 personis
884 2959 993 3029 legitime
1023 2963 1084 3012 inita
1113 2970 1236 3031 tanquam
1267 2977 1325 3015 vera

249 3055 273 3097 ct
297 3047 436 3098 indubitata
462 3046 625 3098 Sacramenta
649 3048 744 3112 recepit
768 3061 867 3113 semper
892 3047 1059 3116 probavitque
1082 3045 1205 3100 Ecclesia.
1242 3049 1325 3115 ipsius

248 3139 333 3184 tamea
356 3131 507 3186 desiderium
532 3133 594 3194 iuit,
619 3139 645 3182 ut
668 3133 770 3182 nonnisi
793 3133 864 3202 virgo
885 3135 976 3202 virgini
1000 3133 1120 3197 nuberet,
1145 3135 1324 3204 secundasque

186 3283 190 3292 ³
248 3220 358 3284 nuptias,
376 3228 403 3270 ut
421 3228 491 3271 certa
510 3220 706 3272 incontinentiae
731 3220 817 3286 signa,
844 3232 920 3283 aegre
939 3217 1002 3270 tulit.
1037 3218 1159 3272 Fatentur
1178 3220 1244 3272 baec
1264 3238 1324 3288 pas-

248 3306 295 3354 sim
314 3304 433 3373 theologi,
453 3321 581 3356 sacrorum
601 3303 732 3356 Canouurn
751 3306 899 3370 interpretes
927 3312 951 3353 et
969 3303 1001 3354 de
1019 3310 1099 3360 veteri
1117 3306 1252 3360 Ecclesiae
1270 3308 1322 3358 dis·

248 3389 341 3456 ciplina
359 3393 509 3457 scriptores,
535 3393 579 3458 qui
598 3391 653 3441 luse
672 3389 763 3440 docent
782 3398 806 3440 et
824 3388 930 3457 probant
954 3388 1077 3440 secundas
1096 3395 1195 3458 nuptias
1222 3395 1323 3445 nonuisi

185 3475 191 3485 '
247 3479 321 3526 certis
339 3475 438 3546 legibus
457 3484 481 3527 et
500 3475 690 3527 conditionibus
709 3475 800 3526 alicubi
819 3475 897 3528 luisse
915 3478 1057 3542 permissas.
1075 3469 1134 3537 scd,
1154 3477 1225 3529 bisce
1244 3481 1322 3530 omis·

239 3564 281 3612 ais
301 3561 497 3624 conditionibus,
517 3561 608 3632 quibus
627 3571 699 3614 crant
717 3562 829 3613 secundo
848 3562 974 3613 nubentes
990 3553 1107 3626 obnoxii]
1130 3569 1182 3614 tam
1200 3566 1227 3614 iu
1247 3567 1322 3616 variis

247 3646 381 3712 Consiliis,
410 3665 485 3718 quam
505 3649 531 3697 in
550 3646 776 3699 constitutionibus
794 3648 952 3700 Summorum
971 3649 1118 3700 Pontificum
1138 3647 1224 3702 relatis
1245 3653 1272 3704 in
1289 3653 1321 3702 ti·

182 3785 192 3794 ,
246 3735 299 3786 tulo
311 3734 377 3788 XXI.
395 3735 492 3786 Decret.
511 3733 544 3784 de
562 3732 681 3784 secundia
700 3736 802 3802 nuptiis,
821 3744 941 3788 statutum
960 3743 1006 3800 eat,
1025 3743 1052 3787 ut
1069 3734 1159 3788 iisdem
1177 3734 1319 3790 benedictio

220 3803 223 3812 ¹
246 3804 366 3889 nuptialis
385 3820 583 3888 denegaretur.“
601 3817 701 3870 Fornici
719 3819 780 3872 inst.
798 3819 842 3870 Lit.
860 3819 876 3871 1.
895 3837 916 3873 c.

205 3905 229 3972 ⁴)
247 3905 272 3959 S.
290 3905 320 3958 tt.
339 3903 367 3958 G.
385 3907 410 3958 3.
429 3903 500 3956 biart.
521 3904 595 3956 1761.

209 3990 232 4059 ⁸)
250 3990 313 4042 Vide
331 3994 355 4058 5.
374 4007 427 4064 seq.
