2736 4660
486 212 567 275 Caras
585 215 789 275 mmncniatee.
1148 201 1209 272 341

74 375 114 440 Ei
136 372 429 454 menelaumque
452 377 539 440 uatus
562 377 607 437 ast
630 372 667 437 dc
683 372 852 441 christianis
875 377 1058 454 parentinus,
1081 383 1112 438 et
1133 381 1213 442 inter

76 479 261 544 Girisiiauos
285 483 331 540 est
353 474 481 538 iideliier
503 483 714 552 corruersatus,
749 483 807 540 iam
831 477 979 540 violenter
1001 485 1211 560 praesumitur,

75 589 108 644 ut
130 580 206 647 mee
227 585 409 661 praesumtio
433 597 486 659 pro
509 581 690 645 certitudine
712 585 752 642 sit
766 579 912 658 habenda,
935 579 1213 648 donecerideutis-

74 689 160 750 simis
189 684 315 750 rancun
343 687 529 765 argumentis
555 687 735 748 contrarium
768 683 918 762 probetur.
965 682 1105 762 Sequitur
1126 684 1212 749 Barla.

74 787 112 850 ad
136 805 161 850 u.
184 785 213 850 2.
237 785 275 849 ce
303 787 440 866 baptism.
465 803 492 851 n.
517 785 546 850 3.
577 787 694 853 seruo
723 784 868 864 infertur,
897 804 958 846 uon
987 803 1055 850 csse
1077 787 1213 875 rebapti-

76 889 193 955 zandus
229 906 298 965 cos,
330 893 380 968 qui
414 893 474 954 uati
504 894 535 952 ct
564 887 681 953 educati
711 887 822 953 luerint
853 887 985 966 pluribus
1016 895 1102 956 annis
1134 896 1214 956 inter

74 992 281 1062 ffimdmues,
313 999 345 1055 et
373 1013 390 1056 a
413 990 586 1071 parentibus
609 989 806 1068 (tristioris,
834 994 892 1054 niti
916 991 996 1054 clare
1019 1000 1137 1059 constet
1160 1013 1213 1060 eos

75 1115 141 1162 nou
163 1094 258 1160 luisse
279 1093 445 1176 inpacatos
469 1143 476 1156 .
501 1139 539 1154 .,.
586 1093 615 1157 S.
640 1093 672 1156 C.
692 1096 723 1156 c.
747 1099 776 1157 iu
801 1113 858 1156 uua
873 1092 1019 1174 Neapolit.
1042 1101 1211 1162 matrimou.

78 1200 104 1262 1.
130 1197 209 1279 Sept.
242 1196 343 1275 1714,
379 1215 447 1259 cum
479 1202 645 1277 quaesitum
678 1202 776 1270 asset,
805 1215 844 1262 au
882 1200 1103 1269 matrimonium
1136 1203 1213 1264 inire

74 1306 180 1382 posset
201 1303 323 1378 iumine,
348 1317 424 1380 quae
447 1301 516 1364 licet
538 1299 655 1365 addicta
677 1303 801 1365 servito
823 1299 930 1364 nobilis
954 1304 1107 1364 unatrouae
1129 1301 1213 1365 Nea-

74 1406 243 1486 politanae,
275 1411 305 1466 et
328 1400 369 1468 30
391 1407 498 1469 aetatis
520 1421 630 1471 aurnum
653 1420 765 1484 agens,
788 1399 986 1466 Sacramentis
1009 1407 1212 1486 poenitentiae

74 1515 105 1570 et
128 1507 332 1572 Eucharistiae
354 1505 436 1568 refici
467 1511 683 1580 consueveram
711 1510 842 1566 attamen
871 1509 957 1572 sexto
980 1511 1048 1588 post
1069 1511 1213 1572 nativita.

73 1616 135 1672 tem
159 1611 208 1672 die
240 1610 276 1672 ab
308 1615 415 1696 ignoto
448 1609 570 1670 homine
604 1608 707 1670 tradita
738 1608 834 1670 l'ucrat
863 1605 980 1670 cuidam
1010 1608 1154 1686 feminae,
1183 1619 1214 1672 et

73 1719 159 1777 certo
181 1733 241 1776 non
252 1714 408 1778 constabat
430 1713 525 1774 inisse
546 1729 632 1774 sacru
646 1709 796 1792 proltrsarn
813 1711 944 1790 lavacro,
970 1715 1123 1794 rescripsit
1145 1731 1213 1776 esse

72 1817 281 1899 baptizandam
305 1817 360 1886 sub
383 1816 554 1882 conditione
577 1835 612 1880 ac
635 1820 771 1894 secreto,
800 1819 830 1874 et
852 1811 961 1894 deinde
982 1814 1103 1895 procedi
1124 1834 1212 1897 posse

73 1920 110 1982 ad
134 1925 320 1985 contractum
331 1923 508 1982 matrimonii
519 1901 647 1982 seruatis
670 1915 837 1995 servandis,
862 1923 894 1978 ut
916 1921 946 1978 in
965 1918 1013 1980 lib.
1030 1915 1080 1982 64.
1093 1918 1210 1982 Decret.

73 2041 91 2102 p
126 2023 199 2085 345.
245 2021 278 2082 ln
302 2039 359 2083 une
383 2023 470 2102 Ulyx.
501 2038 607 2102 ponen.
632 2017 745 2082 Orieni.
774 2025 928 2101 proposito
959 2021 1051 2087 dubio
1073 2021 1111 2085 de
1133 2041 1213 2104 quo-

73 2127 141 2187 dam
165 2125 285 2188 Simone
313 2129 345 2186 in
369 2125 465 2187 lucem
495 2125 592 2200 edito,
626 2123 695 2186 duur
718 2130 858 2203 parentes
886 2122 1025 2186 catholici
1054 2129 1087 2186 in
1107 2125 1213 2188 Jndias

76 2227 275 2311 navigabant,
300 2229 369 2290 licet
392 2233 449 2289 ritu
473 2227 624 2291 Gauuoirco
653 2243 774 2308 semper
804 2232 833 2288 iu
857 2227 1009 2290 Lusitania
1032 2233 1159 2290 vixisset
1182 2235 1211 2288 et

75 2331 266 2393 Sacramenta
281 2337 482 2412 poenitentiae
506 2337 535 2392 et
546 2329 749 2392 Eucharistiae
769 2333 887 2410 saepius
905 2335 1097 2410 suscepisset,
1122 2337 1212 2414 atque

74 2433 155 2495 idem
179 2433 280 2498 Simon
304 2440 454 2498 assereret
477 2453 510 2514 se
533 2435 627 2498 luisse
650 2435 832 2517 baptizatum
855 2453 871 2494 a
893 2432 1049 2512 capellano
1072 2438 1157 2496 navis
1179 2439 1211 2496 in

75 2536 181 2598 eadem
213 2541 289 2600 navi.
334 2538 475 2600 Attamen
498 2555 565 2598 cum
595 2537 716 2597 deesset
745 2533 916 2597 testificatio
939 2533 977 2596 de
1005 2535 1116 2598 collato
1137 2537 1212 2618 bap-

72 2643 173 2718 tismo,
198 2645 314 2702 censuit
344 2639 470 2703 subdia
493 2637 543 2704 26.
568 2637 652 2720 April
679 2635 758 2702 1732
785 2642 865 2700 inter
888 2637 1053 2701 Summeria
1077 2655 1209 2720 precum,
1319 2643 1322 2656 ⁴

78 2741 269 2805 scribendum
294 2743 413 2806 Vican‘o
437 2744 616 2824 capitulari,
649 2745 680 2803 nt
703 2745 889 2821 exquireret,
917 2745 1096 2820 interposito
1123 2744 1212 2823 jura-

75 2851 191 2925 mento,
224 2847 260 2908 ab
284 2847 390 2910 ecdem
414 2845 535 2910 Sirnone
558 2843 708 2928 quomodo
736 2847 826 2906 sciret
854 2859 887 2904 se
919 2843 1012 2905 luisse
1034 2844 1212 2927 baptizatum

73 2949 266 3030 acapellano
300 2955 382 3010 navis
414 2954 445 3010 in
475 2949 693 3024 eademnam,
725 2951 857 3026 itemque
890 2947 1071 3026 exploraret·
1088 2953 1150 3010 inm
1174 2963 1214 3010 ex

73 3071 120 3130 eo,
146 3057 209 3114 tum
234 3051 362 3128 aliunde,
386 3057 458 3134 quot
481 3051 589 3114 deinde
612 3054 698 3114 annis
721 3053 897 3130 superstites
921 3049 1047 3112 inissent
1062 3056 1213 3131 parentes,

72 3161 103 3216 et
118 3173 156 3217 an
170 3154 360 3218 iiClurlstiani
375 3171 447 3216 vere
463 3155 583 3228 luerint,
597 3159 629 3216 ui
638 3153 807 3216 Christiano
824 3157 882 3214 ritu
898 3153 1093 3216 educaverint
1109 3153 1212 3216 lulium.

72 3257 160 3332 Quod
184 3261 208 3319 si
225 3266 377 3321 corrsiaret
388 3263 528 3338 parentes
544 3253 844 3332 luisseClrrlstianos,
869 3260 919 3318 vix
940 3273 1008 3318 esse
1025 3255 1139 3337 aliquot
1155 3275 1213 3317 an-

72 3379 128 3424 nos
152 3367 219 3441 post
242 3359 293 3422 lilii
318 3366 427 3437 ortum,
452 3375 581 3441 eumque
604 3359 750 3422 educasse
768 3361 856 3441 juxta
878 3357 1044 3420 catholicae
1055 3358 1214 3442 religionis

71 3465 168 3547 leges,
187 3481 245 3525 nec
255 3468 404 3526 contraria
419 3470 613 3527 occurrerent
625 3469 809 3547 arguarenta,
835 3461 992 3540 exquibus
1004 3479 1125 3524 manare
1141 3479 1215 3541 pos-

72 3573 120 3629 set
131 3565 263 3650 prudens
282 3565 403 3629 dublum
421 3567 458 3628 de
477 3585 534 3629 non
548 3573 688 3646 suscepto
702 3562 1078 3646 baptismate,0rdinarius
1091 3564 1213 3626 liberam

72 3665 324 3734 Simoni'l'aceret
345 3674 524 3751 potestatem
548 3673 727 3732 matdmonii
745 3667 957 3741 contrahendi;
981 3673 1008 3730 si
1031 3680 1103 3731 rere
1126 3683 1214 3730 com-

72 3783 177 3858 pertae
201 3791 269 3834 esse
293 3791 351 3834 nun
375 3779 498 3853 possent
517 3775 698 3853 praemissae
721 3775 971 3849 circumstantiae,
990 3771 1103 3852 'quibus
1125 3775 1213 3834 inniti

72 3877 229 3940 debuisset
251 3873 373 3938 moralis
396 3875 545 3938 certimdo
569 3875 605 3938 de
628 3880 769 3953 suscepto
793 3875 986 3956 baptismate,
1005 3874 1128 3957 juberet
1150 3891 1215 3937 eam

73 3986 146 4044 ante
160 3983 383 4064 matrimonium
406 3983 524 4046 secreto
548 3979 692 4062 baptizari
716 3976 981 4060 subcandiiipne,
1005 3981 1037 4040 ut
1057 3979 1089 4041 in
1106 3975 1212 4047 111128
