2746 4646
306 181 343 238 iic
360 183 543 256 inpedimenu'a
561 187 745 242 munimentum
764 184 945 240 dirimendiua.
1161 166 1203 236 96

69 358 217 424 expresso
239 341 416 428 denegetur,
439 349 491 407 vix
513 343 640 407 dubitari
662 349 776 425 potest,
809 349 883 427 quin
911 347 1133 406 matrimonium
1163 349 1210 406 est

69 449 233 510 invalidum
243 445 282 527 3¹)
314 453 338 508 si
368 455 468 512 autem
502 448 575 509 tuaac
605 447 738 510 conditio
768 453 880 510 tantum
918 447 1048 510 acuta
1085 451 1140 524 sit,
1174 465 1209 510 ac

71 552 199 630 proinde
213 552 263 633 jus
274 551 311 613 ad
333 553 463 612 invicem
494 569 554 614 non
585 550 700 612 directo
721 549 897 633 excludatur
929 549 1122 629 probabiliter
1143 551 1208 612 sat-

72 661 132 714 tem
159 671 226 716 cum
249 653 384 734 pluribus
407 658 535 732 tenatur,
560 653 617 716 tate
639 657 860 715 matrimonium
884 669 953 714 esse
977 649 1154 726 vatidurn2).
1216 659 1230 683 *

158 757 329 832 Quaeritur
351 753 402 830 3⁰)
435 775 505 818 num
539 761 579 818 sit
608 754 737 817 validum
769 759 990 818 matrimonium
1022 775 1090 818 cnm
1121 763 1206 836 puoto

71 865 192 938 initum,
210 861 329 936 liberos,
355 857 404 920 vel
426 863 602 938 universos,
626 859 675 920 vet
697 859 813 938 aliquos
841 861 872 918 in
895 855 1013 920 haeresi
1036 857 1208 920 educandi?

154 969 188 1042 1).
212 961 313 1025 Plures
332 970 453 1046 nogant,
477 967 555 1024 inter
568 981 643 1044 quos
656 968 724 1023 sunt
735 959 847 1041 probati
876 966 907 1022 ct
930 961 1008 1042 juris
1030 966 1202 1042 peritissimi

67 1063 253 1142 auctores;³‘)
275 1084 342 1128 cum
366 1069 609 1128 communissima
633 1071 732 1126 tamen
762 1068 910 1126 sententia
933 1061 1081 1128 affirmant
1109 1062 1206 1140 aiii;⁴)

70 1165 293 1245 Navarras‚⁵)
323 1173 375 1249 qui
405 1173 531 1248 primus,
557 1173 586 1230 ni
621 1167 717 1246 satior,
746 1166 785 1226 de
815 1167 864 1227 tati
893 1173 980 1246 pacto
1009 1167 1126 1230 iocatum
1149 1175 1204 1246 est,

67 1269 277 1334 saecutoXVt.
301 1271 414 1349 scribit,
438 1271 585 1353 ejusmodi
609 1274 789 1334 matrimonii
812 1287 872 1331 non
894 1287 962 1332 esse
978 1272 1069 1350 ticita,
1092 1289 1204 1353 quam-a

66 1379 111 1436 vis
136 1381 288 1437 contracta
317 1377 456 1451 anteana
496 1375 606 1453 „Pacta
633 1391 707 1435 vero
735 1373 785 1434 itta
809 1422 816 1436 .
842 1421 849 1435 .
874 1422 880 1436 .
905 1391 963 1434 non
993 1374 1105 1447 valent,
1129 1379 1197 1454 quin

66 1484 136 1539 sunt
159 1482 267 1558 turpia,
291 1493 367 1556 quae
391 1497 451 1540 non
480 1479 615 1542 vatent.“
659 1477 794 1540 Fautoris
823 1479 932 1555 prioris
961 1481 1128 1538 sentcntiae
1155 1481 1205 1538 vi-

66 1579 179 1642 dentur
209 1584 298 1643 nimis
327 1596 439 1664 urgere
465 1585 496 1642 tn
526 1580 581 1642 troo
611 1597 681 1644 casu
701 1580 812 1642 bonum
843 1579 950 1659 protis,
973 1599 1041 1642 oum
1064 1585 1122 1642 uisi
1144 1579 1206 1642 dti-

65 1683 211 1746 itendum
234 1688 281 1762 sit,
304 1682 394 1745 tinem
419 1687 608 1758 matrimonii,
632 1687 780 1764 quatenus
803 1681 913 1745 bonum
936 1683 1030 1762 protis
1071 1687 1204 1763 respicit,

65 1787 213 1848 contineri
233 1789 380 1867 procare
411 1789 441 1848 in
464 1785 543 1848 bono
566 1787 658 1867 protis
680 1783 819 1866 phpstuo,
850 1804 910 1848 non
940 1792 970 1848 tn
1001 1785 1080 1847 bono
1113 1785 1206 1865 protis

65 1888 171 1950 morati
202 1895 232 1949 et
258 1885 522 1970 supernaturali.⁶)
566 1889 693 1970 insuper
721 1893 822 1968 praxis
850 1888 1004 1951 &ctesias
1034 1887 1205 1950 nullatenus

66 1991 148 2052 iovet
170 1989 213 2052 itti
237 1995 413 2067 sententiae,
437 2009 506 2052 cum
530 1995 639 2055 summi
663 1989 819 2054 Pontifices
842 1991 941 2052 taliter
963 1997 1113 2053 eontracta
1138 2009 1204 2052 nra-

67 2097 206 2155 trimonia
229 2111 320 2173 saepe
340 2094 558 2173 damnaverint,
590 2111 741 2174 nunquam
774 2095 875 2154 'autem
904 2094 1034 2157 invalida
1056 2111 1124 2158 esse
1146 2093 1205 2155 de-

66 2195 254 2260 claraverint.
264 2193 291 2272 ⁷)

584 2359 612 2430 i.
636 2347 688 2417 29.

359 2503 409 2573 ut.
430 2505 468 2572 ua
490 2503 673 2591 inpedimenta
702 2505 743 2571 ris
770 2505 798 2569 et
819 2506 910 2569 netur.

151 2659 174 2720 t.
197 2661 294 2740 „Cum
317 2681 484 2726 consonans
506 2661 605 2728 iocum
628 2629 689 2726 non
706 2659 824 2736 habeat,
847 2661 897 2722 ubi
920 2663 1017 2722 metus
1040 2659 1088 2720 vet
1111 2677 1204 2722 coac-

68 2767 107 2825 tio
130 2764 301 2840 intercedit,
324 2783 451 2828 necessc
473 2770 536 2842 est,
564 2770 607 2844 ut,
637 2764 687 2828 ubi
710 2781 851 2826 assensus
873 2763 1048 2845 quusquam
1071 2766 1204 2844 requiri·
1319 2761 1333 2770 ‘

92 3005 115 3071 ¹)
135 3005 197 3056 Vide
212 3002 331 3056 declarat.
343 3003 368 3055 S.
380 3001 409 3055 G.
420 3002 449 3056 G.
463 3005 488 3054 in
500 3019 552 3055 una
565 3019 642 3056 causa
653 3002 705 3057 tu.
717 3017 801 3070 supra.

92 3092 114 3156 ἲ)
133 3091 201 3142 Dans
212 3089 256 3142 Th.
270 3105 295 3142 n.
311 3091 352 3144 to.
369 3089 489 3143 Schmier.
501 3089 543 3142 tn.
557 3091 582 3142 4.
594 3089 626 3140 de
642 3097 714 3142 matr.
727 3097 756 3140 tr.
762 3089 792 3148 2.
808 3103 830 3140 c.
843 3089 867 3140 2.
880 3103 905 3138 n.
919 3087 977 3139 tie.
996 3094 1022 3138 at
1032 3103 1104 3157 aequ.

90 3176 112 3241 1)
131 3177 265 3238 Sabmian,
275 3173 398 3228 Beatum..
411 3175 575 3245 Schmatagr,
593 3173 732 3226 iiaauaeus.

91 3260 114 3327 ⁴)
132 3261 238 3325 Pichter,
251 3261 328 3326 Dens,
337 3260 457 3323 iiawhat,
475 3261 647 3324 Raidenatnei,
657 3260 778 3328 Troppcr.

89 3346 110 3412 ⁵)
128 3349 273 3410 Navarrar,
292 3345 385 3402 Consti.
403 3347 446 3398 tib.
467 3348 489 3400 1.
507 3347 539 3399 ad
557 3349 592 3399 rit
612 3347 644 3400 da
663 3347 834 3416 camariana
854 3347 894 3399 26.

93 3435 115 3499 8)
134 3431 296 3497 „Substantia
315 3435 464 3488 matrimonii
481 3435 596 3484 consistit
622 3435 648 3484 in
671 3431 825 3500 obligatione
853 3440 952 3492 mutua,
977 3431 1065 3482 satiem
1089 3429 1202 3494 radicati,

137 3519 169 3570 ad
188 3529 269 3582 actus,
287 3536 333 3588 per
350 3535 414 3590 quos
431 3521 548 3590 generari
567 3525 649 3586 potest
667 3518 760 3587 protea,
778 3533 830 3569 non
846 3534 908 3570 vero
926 3521 951 3569 in
970 3517 1119 3568 mutatione
1137 3515 1202 3568 bona

135 3614 178 3656 aut
192 3613 280 3657 saneta
298 3605 415 3673 prolium.
437 3603 492 3674 Ego
510 3613 579 3656 carta
596 3606 622 3655 in
640 3604 710 3656 nulio
728 3611 858 3656 annorum
877 3603 945 3680 atiud
964 3605 1074 3670 reperii*
1096 3601 1202 3666 Pichter,

120 3689 178 3743 tib.
195 3693 220 3742 1.
240 3693 276 3742 nt.
297 3692 320 3742 1.
338 3707 363 3746 n.
384 3693 441 3744 tta

91 3777 112 3839 ⁷)
130 3775 203 3828 Anno
224 3776 297 3828 1742.
317 3777 446 3846 proposita
473 3775 574 3846 quidam
599 3777 725 3828 invenitur
743 3776 799 3828 tatia
817 3791 894 3828 causa
918 3777 944 3826 in
963 3791 1013 3826 una
1031 3773 1197 3840 Aspaatana,

134 3861 174 3913 ai.
191 3861 256 3914 Nou.
282 3871 307 3913 et
324 3861 384 3914 iicet
417 3878 469 3914 non
493 3863 695 3930 pronuntiaverit
719 3861 742 3913 S.
754 3861 831 3915 Gonu.
842 3861 955 3931 (ionga,
981 3877 1012 3914 ax
1033 3863 1072 3924 iis,
1090 3875 1156 3928 qnae
1174 3849 1218 3909 in'

134 3947 254 4000 rotatione
273 3964 368 4002 causae
383 3948 520 4011 habentur,
535 3949 659 4000 insinuari
670 3947 777 4014 ridetur,
789 3963 846 4000 eam
862 3947 887 4002 s.
901 3945 929 4000 0.
944 3947 1081 4000 temerario
1100 3945 1201 4014 opinio·
