2758 4664
412 245 449 300 lie
467 244 557 300 musis
575 248 807 304 matrimonialibus,

568 463 596 532 t.
621 453 671 520 60.

93 691 95 700 Ι
121 611 175 673 De
193 611 297 672 modo
314 613 592 690 dispensationes
609 615 828 691 procurandi,
848 615 1062 678 concedendi
1080 619 1116 678 et

221 699 414 774 exequendi
430 699 469 760 in
486 699 542 760 his
559 701 752 762 Provinciis
768 702 995 764 Amathusia.
1003 704 1026 771 ¹)

140 855 162 916 l.
187 857 339 920 Hactenus
350 857 471 921 modum
492 859 729 942 dispensationes
739 861 859 940 petendi
872 867 903 923 et
917 859 1086 944 exequendi
1103 862 1191 944 juxta

48 957 163 1038 stylum
196 965 226 1020 et
259 979 392 1024 normam
427 963 533 1026 Curiae
565 963 716 1026 Romanae
747 969 959 1046 exposuimus3
990 969 1060 1046 quia
1090 969 1191 1028 autem

47 1061 193 1143 Episcopi
215 1067 247 1125 in
270 1063 351 1125 hisce
372 1069 534 1144 provinciis
555 1067 668 1146 amplas
690 1065 803 1128 habent
825 1067 982 1130 facultates
999 1065 1191 1148 dispensandi

49 1163 212 1226 facultates
235 1184 274 1226 ex
296 1166 488 1252 delegatione
516 1169 654 1250 speciali,
686 1173 838 1232 rarissime
866 1175 1008 1249 eveniet,
1038 1175 1071 1232 ut
1093 1169 1192 1250 appli-

78 1346 102 1413 ¹)
121 1349 161 1402 Ex
185 1349 311 1416 clausula,
339 1355 386 1407 sub
410 1373 458 1426 qua
483 1365 593 1424 potestas
623 1355 786 1424 dispensandi
810 1355 910 1422 &Papa
929 1355 1061 1426 Episcopis
1085 1355 1189 1415 concedi

122 1438 196 1498 solet,
216 1440 339 1504 infertur,
357 1457 408 1492 non
427 1443 552 1504 sufficere,
571 1445 593 1494 si
611 1451 731 1494 oretenus
748 1451 846 1494 tantum
865 1442 1023 1510 dispensaret
1039 1443 1191 1513 Episcopus,

120 1525 168 1574 sed
187 1542 290 1578 neeesse
309 1535 363 1590 est,
381 1529 452 1580 utin
470 1531 569 1596 scriptis
587 1529 750 1597 expediatur,
773 1531 933 1599 scriptaeque
951 1530 1131 1599 dispensationi
1149 1531 1191 1580 in·

120 1619 221 1664 seratur
248 1613 274 1680 1)
297 1613 425 1676 Potestne,
453 1631 498 1666 seu
521 1616 627 1668 facultas
651 1615 780 1683 delegata,
805 1617 834 1681 2)
862 1625 934 1668 tenor
959 1616 1034 1684 hujus
1058 1615 1192 1680 facultatis,

120 1697 150 1761 3)
170 1705 268 1766 tempus
292 1717 424 1771 quousque
448 1718 476 1752 sc
494 1701 611 1753 extendat
635 1701 699 1752 haec
716 1701 837 1768 facultas;
863 1702 925 1754 alias
951 1706 1019 1756 enim
1038 1703 1192 1770 dispensatio

119 1799 173 1833 non
192 1793 289 1835 tantum
316 1786 415 1849 illicita,
441 1787 485 1838 sed
511 1789 586 1838 etiam
613 1787 724 1839 invalida
750 1787 830 1852 foret,
855 1787 927 1856 juxta
951 1787 1078 1840 clausulae
1097 1786 1191 1839 verba:

118 1869 203 1930 „elias
221 1871 306 1922 nullae
324 1875 403 1923 sint“
422 1901 455 1911 —
473 1872 598 1924 Reiffenst.
618 1873 726 1941 append.
745 1873 769 1938 S.
788 1874 812 1925 2.
831 1889 855 1926 ιι.
875 1875 916 1926 23.
935 1875 976 1928 24.
1000 1871 1150 1936 „Quaenam
1166 1875 1191 1925 in

120 1956 307 2022 supplicatione
330 1958 361 2009 ad
380 1957 534 2026 Episcopum
557 1959 666 2010 debeant
691 1960 798 2026 exprimi
821 1958 852 2010 ad
877 1957 1039 2011 obtinendam
1057 1959 1191 2026 dispensa·
1227 2015 1231 2026 ι

118 2043 217 2094 tionem
228 2046 337 2110 profero
350 2045 481 2096 caterae?
501 2050 529 2107 ti.
549 2045 585 2111 l).
604 2045 703 2098 Debent
720 2047 746 2096 in
765 2045 808 2098 illa
826 2048 946 2114 exprimi,
964 2061 1030 2116 quae
1047 2045 1192 2098 necessario

119 2128 284 2194 exprimenda
303 2130 411 2182 diximus
431 2134 457 2182 in
475 2132 659 2199 supplicatione
679 2131 710 2182 ad
724 2129 825 2184 Curiam
839 2133 987 2195 itomanam,
1005 2131 1123 2184 videlicet
1142 2146 1191 2182 no·

119 2228 179 2262 men
199 2222 223 2264 et
241 2231 381 2284 cognomen
401 2216 552 2282 oratorum,
571 2233 664 2269 nomen
683 2218 821 2282 dioecesis,
847 2227 872 2272 et
890 2220 966 2269 etiam
985 2217 1139 2284 parochiae3
1164 2222 1190 2268 ot

118 2298 216 2368 reliqua
235 2303 414 2370 corripendiose
435 2305 511 2356 relata
534 2322 662 2372 supra...
691 2305 719 2370 2)
739 2304 814 2356 debet
831 2306 906 2356 etiam
925 2301 1068 2370 specialiter
1086 2300 1192 2368 attendi,

119 2401 154 2434 ne
172 2389 338 2439 committatur
357 2390 451 2440 falsitas
465 2393 532 2441 circa
545 2405 646 2441 causam
659 2390 769 2453 finalem,
787 2407 832 2442 seu
846 2391 966 2440 motivum
977 2397 1001 2440 at
1014 2388 1192 2455 principalsm;

120 2473 182 2522 item
202 2489 234 2524 ne
253 2473 294 2525 liat
313 2489 383 2528 error
401 2479 469 2527 circa
493 2475 714 2544 impedimentum,
740 2486 784 2528 aut
800 2475 924 2545 gradum,
948 2476 988 2527 rel
1007 2477 1108 2527 nomina
1127 2473 1193 2526 Ora·

117 2565 212 2610 torum.
248 2559 319 2612 Sicut
337 2563 404 2612 enim
424 2560 522 2614 litterae
540 2561 731 2630 dispensationis
750 2562 896 2614 Pontifieiae
917 2563 1038 2614 vitiantur
1058 2569 1083 2612 et
1106 2559 1192 2611 nullae

118 2653 180 2696 sunt
198 2645 231 2696 ob
247 2642 338 2698 dictam
358 2647 490 2700 falsitatem
509 2657 533 2700 et
551 2664 673 2714 errorem,
699 2652 733 2702 ita
752 2651 829 2700 otiam
847 2647 1000 2715 dispensatio
1019 2663 1064 2716 per
1082 2645 1192 2713 Episco-

121 2749 184 2801 pum
204 2734 319 2786 facta...

156 2817 277 2881 Quamvis
295 2819 326 2871 ad
345 2816 534 2888 concipiendam
552 2819 763 2886 supplicationem
782 2835 828 2889 pro
847 2819 985 2872 obtinenda
1004 2818 1192 2888 dispensatione

118 2904 190 2972 apud
208 2903 361 2972 Episcopum
379 2908 405 2957 in
423 2905 511 2956 ordine
529 2905 656 2956 adfurum
674 2907 811 2971 internum,
829 2905 913 2956 nullus
932 2915 1017 2959 certus
1033 2905 1192 2956 necessarius

117 2995 151 3044 sit
172 2993 269 3054 modus,
297 2994 342 3045 sed
360 2993 453 3060 suscipi
472 2997 498 3041 et
516 2992 610 3043 attendi
628 2993 710 3044 soleat
735 2995 760 3044 in
788 3007 940 3062 quacunque
966 2993 1046 3044 forma
1064 2987 1193 3049 offeratur,

117 3077 258 3130 dummodo
276 3080 421 3134 neoessarto
439 3077 602 3144 exprimenda
621 3079 675 3142 rite,
702 3077 814 3130 veridice
836 3085 860 3130 et
878 3077 1080 3130 reverentialiter
1097 3089 1194 3144 propo-

118 3172 222 3226 nantur,
245 3172 308 3216 teste
319 3164 452 3218 curiarum
470 3163 658 3232 Episcopalium
677 3167 764 3230 praxi,
782 3173 867 3216 tamen
885 3166 1009 3230 optimum
1033 3179 1064 3216 ac
1081 3165 1193 3214 securis·

115 3253 210 3302 simum
228 3258 275 3312 est,
293 3253 318 3302 in
337 3247 563 3318 supplicationibus
581 3265 639 3299 eum
655 3247 776 3302 adhibere
796 3250 898 3302 modum
912 3251 1066 3312 efformare,
1083 3251 1126 3318 qui
1146 3248 1193 3302 ad-

114 3336 228 3398 hibetur,
247 3337 307 3388 dum
329 3335 482 3402 supplicatur
498 3333 596 3402 Papae,
620 3335 678 3402 quia
698 3353 749 3386 non
769 3343 850 3403 potest
866 3351 916 3386 non
934 3351 991 3386 esse
1009 3335 1091 3386 bonus
1107 3342 1134 3385 et
1149 3349 1193 3385 se-

113 3440 193 3475 curus
202 3422 302 3487 modus,
319 3437 394 3490 quem
404 3420 517 3470 Romana
529 3418 604 3471 Curia
617 3421 737 3473 continuo
750 3422 883 3489 approbat.
893 3451 924 3459 -
940 3419 1069 3474 Reiffenst.
1082 3417 1193 3487 append·

112 3514 139 3577 5.
154 3510 177 3560 9.
194 3525 219 3562 ιι.
232 3510 293 3572 493,
307 3509 366 3572 494,
380 3507 440 3558 teo.

152 3593 261 3647 Omnino
288 3593 422 3656 suadetur,
450 3601 478 3642 ut
505 3591 660 3658 dispensatio
683 3593 759 3644 etiarn
784 3607 830 3660 pro
851 3592 906 3644 foro
935 3593 1036 3646 interm
1066 3603 1118 3641 nou
1143 3590 1192 3642 nisi

112 3686 238 3750 scriptis,
263 3683 289 3732 in
308 3679 393 3732 debito
410 3681 497 3730 curiae
515 3677 637 3728 conformi
657 3677 732 3742 stylo,
752 3677 872 3730 clausulis
890 3677 983 3728 debitis
1002 3678 1099 3728 munita
1112 3675 1193 3728 forma

113 3769 192 3838 idque
206 3769 237 3819 ad
253 3766 445 3835 praecedentem
460 3763 670 3831 supplicationem
684 3765 710 3812 in
727 3765 826 3831 scriptis
842 3763 927 3814 debite
943 3763 1084 3825 formatam,
1103 3767 1129 3812 et
1142 3759 1192 3811 ob-

112 3854 193 3906 latam
218 3853 250 3904 ab
267 3853 394 3921 Episcopo
412 3851 468 3912 tiat,
495 3852 642 3917 praesertim
667 3851 726 3917 quia
750 3850 835 3918 agitur
857 3847 890 3900 ds
914 3847 1005 3900 valore
1027 3846 1192 3918 manneae,

112 3941 158 4010 qui
177 3955 191 3991 ιι
209 3939 297 3992 valore
314 3937 509 4008 dispensationis
528 3935 667 4004 dependet.
678 3973 703 3988 ..
722 3935 793 3988 Ratio
811 3943 858 3999 est,
876 3937 936 4004 quia
955 3932 1126 4004 periculosum
1145 3939 1191 4007 est,

114 4025 331 4096 dispensationem
350 4025 498 4086 concedere,
516 4025 564 4076 nisi
582 4038 657 4082 casus
675 4030 702 4075 et
719 4037 809 4092 preces
829 4024 900 4092 prius
918 4019 985 4077 bane
994 4017 1192 4092 perpendantur,
