2746 4646
287 207 324 262 lie
340 205 525 278 impedimentis
543 209 730 262 naui-onium
748 206 934 262 dirimanu‘boa.
1123 186 1182 255 157

44 371 288 449 consanguineos
321 369 393 443 viri,
433 369 485 446 qut
511 366 601 429 illam
640 369 797 449 cognorit,
839 363 899 428 ulla
930 367 1025 428 oritur
1055 365 1186 427 amicitia

45 469 200 545 naturalis,
222 469 386 549 sedpotius
402 472 549 546 oriuntur,
574 469 792 550 utplurimum,
817 466 885 532 odia
903 474 935 532 et
954 469 1128 530 inimicitiae
1139 464 1185 543 ¹);

44 571 114 636 binc
135 577 178 651 is,
211 577 263 654 qui
285 575 318 634 in
338 571 515 636 infidelitate
549 571 713 636 fornicatus
744 577 790 635 cst
819 589 887 634 cum
910 571 1005 649 Titia,
1035 569 1073 634 ad
1096 568 1185 632 iidem

45 692 212 738 conversus
244 675 356 738 ducere
392 681 491 756 potest
519 693 718 757 quancunque
749 676 843 738 Titiae
873 669 1184 756 consanguineam²l;

45 778 131 856 ltcrn,
155 784 180 842 si
203 782 270 860 quis
287 778 382 844 tidelis
405 780 571 842 fornicetur
593 797 660 842 curn
678 779 802 857 infideli,
826 777 965 855 infidelis,
989 776 1060 840 licat
1079 782 1184 856 postea

44 882 232 963 baptizator,
267 899 418 963 nonquam
447 881 603 946 contrahet
633 902 673 945 ex
702 882 759 946 bac
786 880 894 962 copula
927 880 1031 944 illicita
1053 879 1185 960 impedi-

45 991 180 1049 mentum
202 984 354 1048 affinitatis
377 1005 445 1048 cum
469 989 703 1068 consanguineis
720 983 834 1058 bdelis;
858 989 982 1048 econtra
1004 981 1184 1064 parsinalis

44 1089 200 1154 contrahet
222 1107 261 1152 ex
291 1090 342 1152 tall
374 1089 480 1170 copula
510 1068 754 1170 impedimentum
777 1084 930 1150 affinitatis
953 1103 1021 1150 cum
1053 1103 1187 1150 consan-

43 1197 165 1276 guineis
185 1191 327 1272 infidelis,
350 1197 376 1256 si
394 1193 438 1256 illi
457 1199 560 1273 postca
571 1193 759 1274 baptizentur
774 1195 825 1252 aut
842 1190 905 1272 Jam
922 1189 1063 1272 baptizati
1085 1185 1185 1266 sind).

563 1380 592 1448 t.
615 1370 667 1438 41.

292 1521 352 1589 iil.
373 1522 411 1588 lla
434 1522 616 1608 inpedimenta
639 1523 761 1609 publicae
782 1522 940 1590 innodatis

132 1675 154 1742 1.
178 1674 327 1756 Affinitas,
352 1683 385 1740 ut
401 1678 542 1758 vidimus,
565 1682 687 1762 exurgit
709 1695 748 1740 ex
764 1678 873 1760 duplici
891 1681 1047 1760 principio,
1070 1667 1187 1742 scilicet

44 1785 152 1862 partim
177 1799 216 1842 ex
238 1785 417 1866 cognatione
440 1782 576 1860 naturali,
601 1785 707 1862 partim
737 1799 777 1844 ex
799 1783 905 1864 copula
927 1783 1053 1856 earnali;
1083 1785 1109 1844 si
1133 1800 1186 1862 pro

43 1891 174 1964 utroque
203 1883 314 1964 aliquid
341 1884 439 1944 simile
463 1889 596 1964 ponitur,
637 1886 778 1951 videlicet
807 1885 874 1948 loco
897 1886 1085 1967 cognationis
1108 1901 1187 1968 cog-

44 1993 127 2051 natio
150 1986 267 2072 legalis,
290 1987 340 2048 vel
361 1988 542 2068 spiritualis,
573 1995 604 2050 et
626 1990 693 2053 loco
716 1988 841 2068 copulae
863 1971 996 2050 carnalis
1013 1987 1186 2070 conjunctio

45 2109 85 2152 ex
115 2090 303 2172 sponsalibus
333 2091 382 2153 vel
419 2095 607 2157 matrimonio
644 2096 710 2156 rato
743 2094 947 2172 proveniens,
980 2093 1186 2172 propinquitas

45 2193 192 2276 quaedam
216 2190 350 2256 affinitati
379 2194 485 2258 similis
508 2199 623 2275 oritm,
654 2212 748 2276 quae,
778 2199 805 2258 si
835 2198 978 2278 cognatio
1007 2193 1112 2278 legalis
1134 2193 1188 2256 vel

45 2297 209 2378 spiritualis
232 2313 286 2376 pro
309 2301 569 2382 consanguinitate
592 2303 722 2382 ponitur,
754 2299 870 2362 inducit
892 2316 931 2360 ex
948 2298 1055 2380 copula
1077 2298 1190 2363 carnali

45 2398 346 2481 quasi-affinitatem
376 2406 402 2466 st
435 2408 533 2466 autem
564 2423 618 2485 pro
647 2405 754 2486 copula
784 2403 896 2466 carnali
925 2401 983 2466 alia
1012 2402 1186 2484 conjunctio

45 2522 85 2565 ex
108 2505 296 2584 sponsalibus
318 2505 367 2568 vel
391 2511 581 2571 matrimonio
604 2514 668 2572 rato
691 2508 900 2586 substituitur,
929 2511 1032 2568 causat
1053 2505 1187 2586 impedi-

46 2611 181 2670 mentum
204 2609 339 2688 publicae
354 2607 519 2675 honestatis
541 2615 620 2674 inter
642 2617 886 2697 consanguineos
908 2616 939 2676 et
961 2633 1051 2678 unam
1071 2619 1187 2697 partem

49 2728 88 2772 ex
113 2710 356 2776 contrahentibus
364 2732 373 2790 ;
402 2712 440 2775 de
463 2712 713 2794 quasi-affinitate
736 2717 799 2799 jam
829 2721 1052 2797 annotavimus,
1082 2726 1110 2795 ς.
1134 2716 1187 2786 39.
1271 2797 1274 2804 Ι

49 2809 84 2878 ll.
112 2819 334 2880 matrimonium
357 2819 473 2880 irritum
497 2835 566 2882 esse
586 2823 668 2883 inter
681 2819 873 2902 adoptantem
891 2825 922 2883 et
944 2839 1070 2884 uxorem
1089 2822 1187 2903 adop-

45 2923 107 2996 tati,
139 2938 176 2984 ac
198 2923 331 2982 vicissim
353 2922 433 2980 inter
455 2919 626 3001 adoptatum
649 2927 680 2986 et
702 2942 828 2990 uxorem
853 2923 1020 3006 adoptantis
1043 2943 1082 2990 ex
1105 2945 1185 3010 cog·

44 3027 166 3086 natione
188 3021 279 3106 legali
297 3027 382 3103 quasi
404 3039 459 3104 per
476 3023 596 3088 modum
618 3024 780 3093 affinitatis.
811 3027 915 3092 Simile
936 3027 1185 3109 impedimentum
1310 3109 1317 3116 ¹

43 3131 143 3188 ortum
176 3131 223 3190 cst
248 3126 319 3208 jure
351 3130 474 3208 antiquo
496 3143 537 3189 cx
559 3134 739 3212 cognatione
771 3131 938 3212 spirituali,
972 3131 1053 3213 quod
1085 3139 1187 3200 tameo

43 3226 220 3292 aconcibo
250 3227 330 3292 Trid.
361 3224 502 3310 tacitel),
533 3236 563 3294 et
591 3249 618 3296 a.
642 3231 672 3296 S.
695 3232 746 3298 Pio
769 3231 805 3296 ll.
835 3251 980 3316 expresse
1008 3235 1186 3320 abrogatum

44 3334 98 3396 est.
124 3366 168 3376 -
195 3330 272 3396 Hinc
303 3337 413 3414 restat,
443 3338 476 3396 ut
498 3351 623 3417 agamus
652 3335 691 3400 de
722 3335 936 3419 impedimento
959 3337 1097 3420 publicae
1125 3339 1186 3404 bo-

43 3438 179 3500 aestatis.

69 3635 91 3704 ¹)
109 3633 199 3690 Plures
217 3644 300 3690 tamen
320 3635 480 3692 dissentiunt.
499 3637 639 3710 Scbmaluq.
657 3641 699 3693 lib.
717 3642 742 3694 t.
760 3645 797 3694 tit.
818 3641 859 3694 11.
877 3659 902 3696 n.
920 3641 961 3696 91.

72 3725 95 3790 ²)
113 3720 220 3776 aanor.
239 3721 328 3776 Clario.
346 3724 423 3777 Desa.
443 3723 475 3778 de
492 3733 565 3779 matr.
584 3743 610 3778 n.
630 3727 687 3780 101.
706 3727 806 3798 lluopp.
824 3746 849 3797 p.
868 3729 927 3794 226,

70 3810 92 3875 ³)
111 3808 235 3862 Sancbea.
254 3808 297 3864 lib.
316 3813 339 3864 7.
357 3810 423 3880 disp.
442 3813 484 3865 65.

68 3896 90 3962 ⁴)
108 3897 176 3950 Scae.
195 3897 236 3950 at.
255 3896 287 3950 dc
311 3897 413 3952 reiorru.
440 3899 547 3954 matrim.
565 3915 621 3970 cap.
641 3900 665 3952 2.
684 3899 709 3954 S.
728 3899 785 3954 l’iua
805 3901 832 3952 V.
851 3901 878 3952 iu
896 3906 977 3953 conat.
996 3896 1080 3962 „Gora
1098 3899 1174 3956 rttiar

109 3985 153 4038 28.
170 3982 234 4040 llov.
254 3984 330 4038 tubo.
