2764 4664
422 231 460 288 iia
477 227 566 288 drusio
584 229 815 290 nutriminibus.
1119 215 1187 292 249

102 480 166 558 111.
211 479 262 554 he
290 479 475 554 divortio
503 499 573 552 seo
609 479 883 574 separatione
917 480 1136 576 coniugum

242 584 373 678 quood
401 589 535 658 toron
562 587 603 657 ot
631 581 996 661 cohabitationem.

571 763 600 827 ς.
625 753 675 815 tia.

140 923 162 984 l.
194 922 260 984 lam
293 940 381 1001 supra
404 926 448 995 lt.
474 918 524 984 3¹2.
550 921 570 982 l.
594 920 643 996 ΙΙ.)
672 921 879 995 ostendimus,
904 923 1055 984 vinculum
1087 927 1189 985 matri·

44 1031 140 1088 monti
166 1026 264 1088 aalide
286 1029 429 1087 contracti
454 1029 484 1084 et
513 1030 709 1088 carosummati
740 1030 820 1087 inter
848 1025 952 1087 lidehes
985 1029 1104 1088 nonnisi
1136 1046 1189 1107 per

44 1134 176 1191 cohortem
201 1129 343 1190 dissolvi.
379 1129 427 1188 vel
450 1145 503 1207 per
527 1127 745 1205 professionem
777 1129 958 1206 solemnem,
992 1136 1023 1190 et
1045 1147 1099 1209 per
1121 1129 1188 1188 dis-

44 1236 257 1311 pensationem
280 1231 492 1310 Apostolicam,
517 1236 541 1292 si
565 1238 661 1293 rutum
685 1235 739 1308 sit,
759 1233 902 1295 nondum
926 1238 1188 1305 consummatum

44 1334 117 1394 hinc
141 1335 302 1397 divortium
324 1338 404 1395 inter
427 1333 531 1394 lideles
562 1352 621 1395 non
647 1341 691 1396 est
715 1335 873 1396 dissolutio
895 1335 1006 1398 viticuli
1032 1338 1189 1397 matrimo-

46 1439 160 1514 nialis,
185 1437 238 1498 sed
261 1436 449 1499 soluononodo
481 1441 630 1516 separatio
663 1444 713 1501 aut
742 1437 839 1517 quoad
863 1443 979 1508 torum,
1009 1443 1060 1499 aut
1091 1435 1190 1518 quoad

45 1545 148 1602 torum
183 1545 213 1599 et
246 1555 378 1600 mensam
401 1541 489 1600 simul
513 1559 566 1602 sen
590 1541 840 1602 cohabitationem
863 1559 902 1601 ex
925 1545 1024 1603 causis
1046 1520 1189 1621 legitimis

44 1644 135 1704 lacta.
192 1641 254 1702 lloc
292 1641 452 1703 divortium
496 1661 564 1704 esse
603 1644 715 1706 licitum
756 1643 793 1704 ah
819 1643 970 1724 *Aprostolo
1010 1641 1187 1704 edocemur:

42 1745 236 1822 „Praecipin
260 1749 310 1818 ait,
334 1763 393 1806 non
417 1765 487 1828 ego,
512 1747 564 1808 sed
578 1747 733 1823 Dominus,
759 1763 885 1808 uxorem
908 1768 925 1810 a
948 1751 1014 1808 viro
1037 1761 1097 1806 non
1121 1744 1188 1806 dis-

43 1847 176 1921 cedere3
207 1846 312 1925 quodsi
345 1847 533 1924 discesserit,
569 1867 692 1911 manere
716 1855 870 1930 innuptam
893 1856 944 1910 eut
967 1852 1034 1909 viro
1057 1865 1111 1911 suo
1135 1864 1189 1908 re-

43 1947 227 2012 concihari“'
262 1947 289 2012 1.
315 1949 381 2012 Gor.
408 1951 435 2012 t.
463 1949 527 2024 10.;
558 1958 589 2011 et
615 1953 695 2018 idem
719 1952 855 2016 Ecclesia
883 1957 1001 2015 statuit:
1038 1951 1092 2029 „Si
1122 1955 1190 2030 quis

45 2054 179 2129 dixerit,
204 2053 369 2114 Ecclesiam
393 2071 513 2130 errare,
548 2072 614 2114 cum
640 2056 748 2117 inultas
776 2056 815 2118 oh
842 2073 949 2118 causas
970 2057 1190 2135 separationem

44 2161 126 2216 inter
149 2156 294 2238 conjuges
317 2157 415 2236 quoad
433 2163 530 2218 torum
554 2175 608 2217 seu
626 2157 724 2236 quoad
745 2158 994 2222 cohabitationem
1018 2157 1054 2222 ad
1073 2162 1189 2218 certum

43 2264 238 2320 incertumve
262 2264 377 2340 tempus
401 2259 464 2320 lieri
488 2277 578 2340 posse
600 2259 746 2335 decernit,
770 2282 797 2324 a.
820 2260 903 2336 sit¹).

137 2361 172 2422 ll.
198 2361 311 2424 Causae
334 2363 481 2444 ejusmodi
506 2362 667 2424 divortium
693 2363 925 2428 dehonestantes
947 2368 1017 2426 sunt
1039 2362 1115 2426 hae:

76 2463 112 2540 1)
138 2464 265 2524 runcone
293 2485 483 2539 consensum
512 2467 626 2527 scilicet
658 2472 785 2547 uterque
812 2467 925 2547 conjux
952 2460 1190 2545 nonut'possuoc

131 2568 195 2648 juri
218 2573 390 2630 renuntiare
413 2568 510 2650 quoad
537 2575 651 2643 torum,
676 2574 742 2631 sive
764 2569 801 2631 ad
824 2575 952 2651 tempus,
975 2574 1040 2632 sive
1063 2572 1093 2630 io
1117 2586 1191 2648 per-

138 2675 277 2749 petuum,
313 2670 475 2734 dummodo
513 2672 589 2734 absit
630 2677 867 2736 incontinentiae
902 2672 1085 2754 periculum;
1116 2671 1191 2734 hacc

138 2790 228 2834 causa
251 2779 371 2836 notatur
392 2775 429 2836 ah
451 2774 607 2856 Apostolo,
632 2775 768 2838 dicente:
803 2776 925 2854 „Nohte
947 2775 1085 2840 fraudare
1107 2778 1191 2836 invi-

135 2893 220 2953 cem,
255 2879 311 2937 nisi
336 2877 414 2939 sorte
436 2895 476 2938 ex
498 2897 649 2942 consensu
681 2878 717 2942 ad
751 2886 885 2961 tempus,
918 2887 951 2942 ut
971 2884 1088 2942 sanetis
1117 2897 1191 2942 ora-

136 2981 247 3040 lion'a“
295 2979 321 3040 1.
345 2977 413 3042 Cor.
437 2980 466 3044 5.
491 2981 519 3044 7.

118 3251 145 3298 in
157 3264 218 3300 casu
228 3246 379 3316 particulari,
398 3248 429 3299 de
440 3253 551 3317 qooogit,
570 3249 638 3300 nulla
649 3249 734 3301 subest
746 3252 881 3301 necessitas
893 3265 986 3318 urgens
1002 3251 1190 3300 renovationem

119 3349 259 3384 consensus
277 3333 416 3384 omittendi.
435 3333 527 3400 Synod.
539 3335 623 3386 Dices.
642 3335 657 3386 l.
680 3337 718 3387 13.
737 3354 758 3388 c.
773 3335 814 3387 21.
827 3335 942 3388 n.i.sub
961 3335 1045 3386 ductu.
1068 3333 1192 3384 Wieatner

120 3423 158 3471 tit.
181 3419 219 3472 16.
239 3437 264 3471 n.
284 3419 341 3472 191.
359 3422 395 3471 sic
414 3419 505 3472 habet:
525 3421 608 3485 „Quin
628 3421 682 3472 aliis
701 3424 775 3473 etiam
795 3421 904 3484 casibus,
924 3421 1015 3490 quihus
1034 3418 1145 3487 conjugi,
1165 3427 1192 3470 ut

120 3505 258 3575 aliquando
277 3505 385 3567 leminis,
403 3523 433 3557 ex
452 3507 572 3558 nullitatis
587 3509 788 3561 manifestatione
806 3509 1023 3578 periculumvitae
1041 3507 1191 3568 immineret,

119 3592 232 3654 infamia,
249 3595 319 3644 suive
337 3593 462 3656 desertio,
486 3604 669 3664 susceptaeque
693 3595 769 3663 prolis
788 3593 915 3645 destitutio
939 3601 963 3644 et
980 3591 1071 3643 similia
1089 3594 1192 3664 gravis·

119 3681 183 3732 sima
202 3680 268 3730 mala
285 3679 395 3730 timenda
415 3681 503 3742 ioreut,
523 3687 675 3732 sarciendae.
702 3681 821 3732 nullitatis
840 3681 1066 3731 maniiestationem
1085 3677 1117 3729 ad
1136 3693 1192 3728 rna-

120 3768 263 3818 trirnoniuno
282 3783 327 3834 per
344 3781 483 3818 cousensus
501 3770 691 3820 renovationem
710 3768 886 3820 notificandum
910 3781 960 3818 oon
979 3767 1100 3833 exigentis
1118 3781 1191 3816 usum

120 3852 214 3903 licitum
233 3868 300 3916 csse,
325 3869 382 3904 cum
400 3854 516 3905 Sanchea
540 3853 594 3919 (lib.
613 3857 637 3907 2.
656 3854 720 3922 disp.
740 3855 781 3906 36.
801 3871 825 3906 n.
844 3855 882 3928 8.)
900 3853 991 3903 docent
1008 3849 1105 3916 Palae,
1124 3847 1191 3910 Cap-

120 3937 199 3988 denas
217 3947 242 3989 et
260 3940 310 3991 alii.
625 3951 628 3956 '

80 4024 101 4092 ¹)
119 4024 228 4076 Trident.
247 4041 308 4078 seso.
327 4027 368 4078 st.
387 4042 442 4080 can.
460 4027 484 4081 8.
