2764 4664
430 189 467 244 [te
485 189 660 246 celebratione
677 188 835 259 liuptisram.
1134 171 1198 242 265

61 347 144 430 quod
166 354 266 412 autern
288 366 349 414 non
372 347 443 414 iicet
464 366 557 432 agere
584 365 694 432 sponso
715 351 885 429 innocenti,
914 347 952 412 ad
974 345 1033 411 boc
1055 347 1201 430 parochus

60 453 145 516 licite
167 471 226 518 non
249 457 347 535 potest
375 459 546 534 cooperari,
580 452 671 536 idque
694 469 732 516 eo
755 453 871 532 minus,
902 469 970 514 cum
993 453 1072 532 ipse,
1105 455 1139 514 ut
1160 454 1202 514 sit

60 553 93 618 S.
116 555 198 639 big„
236 560 375 618 teneatur
402 557 582 638 exjustitia
611 555 757 638 impedire
786 558 907 636 peccata
937 557 1039 617 ovium
1069 573 1200 620 suarum.

61 657 142 722 ilinc
164 657 256 722 multo
287 658 469 742 probabilius
496 677 565 722 esse
594 657 730 734 ridetur,
763 661 853 722 etiarn
882 662 914 720 in
941 656 999 722 boo
1021 675 1110 738 casu,
1142 661 1201 722 nist

60 768 173 846 urgeat
194 766 270 826 ratio
292 762 379 826 valde
400 767 502 847 gravis
525 767 556 824 ct
577 762 764 844 aliquatenus
788 760 865 824 malo
888 764 1120 844 proportionata,
1142 777 1201 842 pa·

59 865 187 930 rocbum
210 883 271 929 non
294 884 382 948 posse
403 870 546 930 assistere
568 869 759 928 matrimonio
780 863 923 926 ineundo.
1209 929 1213 936 ,

150 966 281 1045 Objicea.
316 970 415 1032 Puella
438 968 593 1047 catholica,
622 985 699 1049 quae
721 965 809 1030 babet
836 984 950 1047 procer
972 970 1115 1045 rationes,
1139 985 1200 1032 non

60 1077 167 1153 peccat
191 1076 412 1135 matrimonium
436 1071 640 1135 contrahendo
663 1089 731 1132 cum
754 1069 922 1146 haeretico,
953 1069 1120 1135 obseruatis
1142 1072 1202 1136 ob-

58 1173 230 1254 servandis,
253 1181 390 1256 quamvis
411 1159 536 1240 alterius
552 1177 667 1256 peccati
691 1176 845 1237 maissiam
868 1171 997 1256 quodam
1012 1175 1103 1238 modo
1125 1175 1202 1238 sub-

61 1281 221 1344 ministret.

150 1388 183 1460 lt.
212 1380 242 1458 i)
265 1380 405 1460 constat,
428 1399 517 1462 quarn
541 1397 644 1462 capre,
667 1384 757 1444 etiam
780 1379 905 1444 cautelis
927 1379 1028 1444 debito
1050 1380 1200 1462 adhibitis,

58 1485 196 1548 Ecclesia
221 1483 389 1566 hujusmodi
410 1486 598 1548 matrimonia
618 1481 820 1565 dispensando
838 1481 984 1564 admittat,
1007 1483 1098 1566 idque
1120 1489 1202 1548 inter

58 1588 136 1650 alias
166 1593 392 1651 causasetiam
426 1605 465 1649 cx
493 1591 608 1652 ratione
636 1590 738 1671 granis
770 1591 985 1651 irreverentiae
1007 1586 1201 1652 Sacramenta

58 1691 171 1756 illatae.
218 1689 255 1768 2)
290 1691 374 1771 Nepa
400 1692 588 1772 paritatem,
620 1690 796 1772 plerumque
825 1695 904 1754 enim
935 1694 1061 1772 supponi
1090 1695 1200 1772 potest,

58 1794 254 1878 sacrilegium
278 1799 423 1874 exparte
446 1791 594 1858 baeretica
617 1811 679 1856 non
702 1809 770 1858 case
791 1792 943 1872 formale,
970 1792 1025 1856 secl
1046 1794 1085 1858 ob
1107 1798 1202 1878 igno-

57 1899 189 1959 rantiam
211 1895 316 1960 saltem
340 1901 476 1977 proxime
498 1897 702 1962 invincibilem
724 1899 885 1961 nectariola
907 1902 1031 1977 tantum,
1054 1901 1102 1961 cui
1124 1914 1203 1962 coo-

58 2002 161 2080 perari
185 2002 251 2062 sine
273 1999 365 2062 dnbio
388 2000 498 2063 malum
521 2007 567 2064 est
590 2001 683 2064 multo
706 2000 819 2079 levius,
844 2017 931 2082 quam
953 1998 1098 2078 inimicit,
1121 1996 1202 2082 quoi

55 2100 246 2166 acatholico
275 2120 398 2184 sponso.
418 2103 456 2166 ob
488 2108 642 2184 peccatum
672 2119 765 2186 grave
787 2101 912 2186 indigno
944 2107 976 2168 tn
998 2100 1202 2169 contrahendo

55 2209 268 2284 matrimonio,
293 2225 360 2270 curn
386 2211 502 2270 moneri
525 2206 635 2292 debeat
655 2205 693 2268 de
715 2205 862 2291 dignitate
885 2204 1086 2286 Sacramenii,
1120 2223 1202 2269 nun·

55 2327 148 2391 quarn
174 2315 273 2390 potest
296 2313 412 2376 evitari.

147 2411 183 2474 V.
206 2412 308 2476 blonei
331 2431 354 2478 s.
378 2414 488 2496 Syncd.
514 2413 613 2491 Trio,
642 2419 675 2476 ut
697 2412 802 2476 saltem
826 2413 930 2476 triduo
962 2419 1032 2476 ante
1054 2414 1203 2478 solemni-

56 2523 152 2581 tatem
178 2521 346 2598 nuptiarum
363 2517 555 2581 Sacramenta
567 2519 772 2598 poenitentiae
795 2522 826 2578 et
847 2534 871 2580 s.
883 2519 1104 2580 communionis
1125 2533 1204 2581 con·

56 2620 215 2686 trahentes
237 2624 401 2703 recipiani3
424 2641 459 2685 ac
482 2639 571 2684 nemo
594 2638 655 2684 non
670 2619 762 2699 videt,
786 2639 873 2702 quarn
888 2621 979 2685 multa
1002 2620 1203 2697 incommoda,

55 2742 138 2808 quae
170 2724 257 2788 aliter
279 2742 492 2807 norinnnqnam
524 2723 700 2788 difficillime
723 2728 850 2805 possunt
879 2723 960 2804 tolli,
993 2723 1110 2788 inclitus
1132 2728 1203 2788 evi·

57 2833 176 2906 lentur,
210 2831 235 2890 si
273 2829 425 2892 confessio
454 2827 693 2892 contrabentium
722 2826 774 2890 liat
800 2845 937 2908 compasso
972 2835 1044 2892 onte
1075 2829 1203 2909 nuptias

55 2940 217 3013 tempor03
238 2930 396 2995 videlicetc
424 2930 454 3008 1)
477 2935 522 2995 sic
543 2930 754 3013 impedimenta
777 2932 893 2996 occulta
917 2949 956 2994 ex
975 2932 1085 2995 delicto
1108 2931 1202 2996 mrito

56 3035 181 3099 iacilius
211 3040 344 3116 tempore
370 3036 432 3117 jam
466 3041 635 3118 opportuno
663 3034 856 3118 deteguntur.
905 3033 941 3115 2)
975 3034 1202 3115 Contrabentes,

57 3144 110 3222 qui
135 3138 283 3203 hactenus
304 3143 336 3202 in
359 3144 437 3202 statu
460 3143 593 3222 peccati,
630 3156 691 3202 non
713 3158 782 3204 raro
804 3139 1130 3223 quasia-concubinatus
1152 3142 1203 3204 ri-

131 3393 184 3430 oon
203 3377 304 3431 videtur
323 3395 378 3431 esse
394 3379 540 3448 probabile,
559 3379 626 3451 quod
645 3379 704 3432 dicit
721 3379 751 3434 1).
770 3379 800 3431 l).
818 3379 929 3434 ilenriclr
947 3379 979 3432 de
998 3379 1203 3432 excommunica-

129 3468 200 3518 tione
234 3464 345 3528 „lsiberis
369 3465 554 3519 ilumtoribus'·‘
577 3470 695 3537 irrogata.
736 3466 765 3518 ln
795 3463 918 3519 similibus
953 3465 1070 3530 casibus,
1098 3466 1203 3530 scilicet,

130 3569 194 3604 num
218 3553 291 3604 liceat
315 3553 433 3604 assistere
461 3555 610 3606 matrimonii
634 3554 735 3618 talium,
761 3556 803 3624 qni
828 3554 948 3604 ommissa
977 3552 1138 3605 confessione
1155 3569 1204 3604 an·

131 3637 202 3689 nuali
220 3645 246 3690 et
269 3641 446 3690 communione
465 3640 591 3708 paschali,
614 3642 688 3692 etiam
707 3639 755 3693 bac
773 3641 920 3704 occasione,
945 3654 973 3691 se
999 3638 1152 3708 disponendi
1170 3638 1202 3690 ad

130 3725 322 3778 Sacramentum
347 3727 512 3792 matrimonii,
538 3735 648 3779 renuunt
678 3724 893 3780 sacramentaliter
923 3724 1050 3788 comitiari,
1074 3723 1099 3776 8.
1118 3721 1147 3776 0.
1165 3721 1204 3787 (b,

131 3827 226 3880 nempe
250 3813 276 3862 in
295 3810 378 3865 Causa
396 3812 508 3883 lingunt.
534 3813 559 3866 d.
582 3814 623 3865 28.
642 3811 707 3882 Aug.
734 3811 817 3876 1852,
841 3819 866 3864 et
892 3813 917 3864 in
937 3809 1019 3864 Causa
1037 3811 1110 3864 Trea.
1135 3809 1204 3863 (1.8.

132 3899 159 3951 8.
177 3897 242 3967 Aug.
271 3898 345 3952 1852.
363 3899 389 3951 8.
408 3899 437 3952 G.
457 3900 483 3952 li.
508 3907 533 3951 et
559 3899 633 3952 Univ.
656 3897 769 3968 Inquisit.
794 3912 906 3968 rosp.,a
909 3896 1069 3976 ,Negativa‘t
1103 3895 1203 4018 lloopp.

132 4001 158 4058 p.
177 3985 288 4038 eii-
255 3983 447 4056 ·-.Scbmalsg
469 3989 498 4039 tit
518 3984 558 4040 16.
577 4001 602 4038 ι.
621 3985 689 4038 22-
690 3985 732 4040 25.
1054 4013 1056 4018 ·
1081 4013 1083 4018 ·
