2764 4664
153 163 219 228 318
578 175 657 230 Caena
675 176 877 228 niatrimoniaies.

154 337 244 420 dique
271 337 457 420 argumentis
486 335 639 418 impugnat
662 331 844 398 Graecorum
874 337 986 414 praxim
1015 334 1150 398 solvendi
1184 339 1297 396 mairi-

155 444 284 504 monium
319 435 416 518 quoad
449 437 599 498 vincutum
633 441 755 518 propter
786 419 983 502 ad‘utterinm,
1016 443 1044 500 et
1078 458 1103 498 c.
1145 423 1192 502 t3.
1225 438 1298 498 inse

154 544 301 606 examinat
331 542 494 620 appositam
520 539 548 602 S.
574 539 671 600 aniiii
704 539 929 617 auctoritatem,
960 544 1000 600 ita
1033 546 1064 600 ut
1094 560 1203 603 sensus
1227 541 1306 623 ejus'

154 651 202 724 sit,
226 662 331 706 verum
354 641 455 704 haberi
470 646 689 703 matrimonium
714 647 767 703 viri
791 641 828 704 ab
844 661 939 704 uxore
953 643 1067 704 dimissi
1092 662 1158 704 cum
1184 645 1297 718 attera,

148 750 234 830 juxta
259 745 490 828 praejudicatam
514 743 667 804 hominum
692 749 876 826 opinionem,
900 744 954 806 sed
978 764 1042 806 reru
1065 745 1152 806 aliter
1175 765 1209 808 se
1232 745 1298 806 ba-

154 853 224 914 bere
247 847 413 910 secuudum
437 845 784 908 senteutiarnSairaioris
801 843 917 920 Nostri:
940 850 1080 926 quocirca
1103 848 1298 914 idemSanc-

155 961 201 1016 tus
224 959 377 1032 peecatum
401 955 431 1010 in
454 948 533 1008 dicte
556 951 620 1008 viro
643 956 797 1031 agnoscat,
820 949 874 1011 sed
898 967 957 1012 non
980 953 1019 1010 tta
1039 961 1143 1033 grave,
1168 958 1299 1033 prepter

153 1057 287 1120 inotiiam
321 1050 582 1126 consuetudinem3
613 1059 642 1112 ct
676 1058 745 1132 post
772 1050 846 1114 baec
878 1043 1048 1116 sermonem
1080 1053 1298 1116 transferendo

154 1158 191 1220 ad
223 1163 330 1220 statuta
354 1155 552 1216 Concitiornur
584 1159 613 1212 et
642 1154 674 1216 ti.
705 1153 877 1216 Pontificum
910 1159 1157 1220 constitutiones.
1183 1155 1300 1238 Euge-

155 1259 279 1324 ninslV.
305 1264 335 1320 in
353 1257 472 1338 Synode
496 1257 623 1318 Ftoreni.
646 1275 720 1321 sess.
745 1254 798 1320 25.
823 1264 867 1320 sic
887 1258 1018 1320 Graecos
1051 1258 1199 1320 allocutus
1229 1263 1297 1330 est3

155 1367 273 1445 ..primo
303 1362 369 1422 dire
394 1379 497 1420 inatres
521 1358 664 1440 conqueri
695 1360 732 1420 de
755 1364 945 1440 separatione
968 1365 1167 1437 matrimonii,
1200 1360 1304 1439 idque·

119 1461 122 1466 ’
154 1471 343 1548 correptione
373 1464 526 1544 indigrt“,
559 1468 681 1542 etpost
715 1463 867 1542 {tabificum
892 1463 1075 1526 Graecorum
1108 1462 1312 1540 discessum.

152 1570 233 1632 idem
257 1569 410 1650 Eugenius
439 1570 469 1626 in
492 1566 614 1628 decreto
642 1584 695 1646 pro
717 1566 859 1628 Armenis
887 1572 931 1630 sic
960 1567 1071 1628 edixit:
1118 1566 1296 1642 „Ouarnvis

153 1679 252 1734 autern
275 1691 314 1732 ex
337 1687 424 1731 causa
437 1669 644 1730 fornicationis
665 1668 753 1730 ticeni
768 1673 831 1731 'tori
854 1674 1073 1750 separationem
1091 1669 1202 1743 tacere,
1225 1686 1293 1730 non

153 1780 254 1838 tanuen
285 1772 364 1835 atiud
392 1775 609 1846 rrratrirnouium
634 1771 817 1834 'contrahere
848 1773 891 1836 sas
914 1780 975 1851 cst,
1010 1793 1076 1834 curn
1108 1775 1296 1833 matrimonii

153 1875 305 1956 vincutum
329 1875 470 1956 legitime
484 1878 627 1936 contracti
639 1881 824 1954 perpetuum
847 1879 918 1938 sit“.

241 1977 273 2040 ln
288 1977 429 2038 barcino
452 1975 626 2040 Tridentino
650 1983 769 2056 paratus
791 1987 856 2040 crat
878 1981 979 2041 Canon
1002 1980 1145 2051 edendus,
1172 1983 1202 2038 in
1226 1997 1310 2057 quo*

154 2081 309 2144 auatbema
340 2077 545 2158 proferebatur
571 2079 716 2141 adversus
744 2090 930 2159 asserentes,
961 2087 1179 2144 matrimonium
1210 2084 1295 2146 seiri

102 2238 105 2244 .
155 2182 252 2264 quoad
284 2181 434 2243 vincutum
468 2201 506 2242 ex
534 2201 623 2246 causa
653 2183 807 2262 adulterii,
839 2184 892 2246 sed
922 2185 1140 2265 exponentibus
1165 2184 1295 2246 Venetis

153 2285 328 2348 Oratoribus
358 2289 429 2347 satis
460 2291 597 2348 constare
630 2291 659 2346 tn
689 2303 772 2348 urere
804 2291 929 2367 positum
957 2287 1033 2368 apud
1067 2286 1217 2362 Graecos,
1261 2293 1295 2348 ut

153 2407 278 2452 uxorem
307 2387 469 2450 aduiteram
499 2388 638 2449 deserant
666 2393 695 2448 et
722 2389 811 2451 utiam
840 2390 962 2466 ducant,
998 2391 1097 2470 piures
1127 2394 1216 2452 etiam
1251 2411 1294 2450 ex

153 2496 198 2554 eis
230 2493 342 2573 degere
379 2497 410 2552 in
442 2491 547 2551 insutis
585 2491 766 2571 reipublicae
800 2493 958 2572 subjectis.
992 2495 1099 2554 Cretae
1132 2492 1290 2568 videlicet,

153 2595 252 2677 Cypri,
277 2595 436 2672 Corcyrae,
461 2599 529 2666 etc,
556 2599 586 2652 et
608 2611 753 2654 canonem
779 2595 960 2672 praedictum
985 2614 1052 2655 esse
1073 2596 1168 2656 dictos
1188 2595 1293 2656 Grae-

47 2771 58 2789 X
152 2715 205 2760 cos
229 2701 457 2777 provocaturum
488 2695 525 2756 ad
555 2692 712 2758 tumultum
743 2701 774 2754 et
801 2695 836 2758 ad
866 2701 1015 2778 integram
1045 2717 1059 2758 a
1084 2695 1161 2758 Sede
1186 2699 1294 2778 Apos-

153 2801 241 2862 totica
265 2801 484 2874 secessionem,
517 2802 560 2859 sic
593 2817 641 2860 res
664 2797 856 2860 accomodata
880 2797 949 2877 tuit,
982 2805 1013 2860 nt
1042 2797 1198 2878 anathema
1227 2817 1292 2862 nou

152 2906 317 2983 respiceret
339 2899 572 2977 contendentes,
598 2906 819 2964 matrimonium
849 2901 971 2965 dissolri
1001 2903 1099 2980 quoad
1124 2903 1290 2983 vincutum,

152 2994 331 3068 adveniente
354 3022 425 3066 casu
448 3005 594 3080 adulterii,
619 3005 673 3067 sed
695 3009 864 3067 asserentes
887 3003 1052 3066 Ecclesiam
1075 3025 1195 3082 errare,
1219 3028 1291 3070 cum

153 3106 250 3182 docet,
275 3109 495 3170 matrimonium
506 3107 603 3188 quoad
617 3108 768 3169 vincutum
791 3125 852 3170 non
875 3109 949 3172 satri
971 3125 1013 3168 ex
1036 3125 1123 3168 causa
1147 3110 1291 3172 adulterii

153 3209 242 3274 Ceno.
268 3225 341 3272 sess.
365 3205 415 3270 24.
439 3227 503 3270 can.
527 3212 554 3271 i.
600 3209 672 3272 Post
691 3209 850 3272 concilium
873 3210 1003 3272 Trident.
1035 3215 1064 3268 iu
1088 3213 1291 3274 instructione

152 3313 313 3376 Clementis
339 3307 412 3370 Viti.
436 3327 527 3392 super
549 3311 695 3392 aliquibus
720 3311 824 3374 ritibus
847 3310 1030 3382 Graecorum
1058 3313 1095 3374 ad
1118 3311 1290 3394 Episcopos

151 3415 278 3492 latinos,
307 3417 340 3476 iu
378 3432 506 3494 quorum
538 3415 708 3478 civitatibus
740 3413 844 3476 Graeci
876 3415 935 3480 vei
952 3413 1144 3478 Albanenses,
1171 3417 1290 3482 Graeco

150 3522 210 3580 ritu
234 3521 371 3578 viventes
395 3517 521 3598 degunt,
551 3515 625 3580 haec
648 3516 805 3580 habentur:
838 3517 1083 3594 „Matrimonium
1105 3523 1187 3580 inter
1209 3540 1290 3584 eon-

147 3621 238 3705 juges
254 3617 400 3713 ,Graecos
424 3621 536 3694 dirimi,
570 3637 625 3682 seu
647 3619 775 3682 divortia
805 3619 904 3700 quoad
933 3623 1084 3682 vincutum
1113 3620 1178 3682 steri
1205 3623 1288 3684 nutio

152 3722 241 3786 modo
260 3725 430 3802 permittant
453 3729 504 3784 aut
519 3727 677 3802 patiantur,
700 3729 731 3787 et
752 3726 787 3790 si
802 3741 879 3811 quae
893 3723 931 3787 de
949 3721 1028 3786 iacto
1044 3732 1300 3803 praecesserunt„

152 3824 231 3886 nnita
261 3830 291 3883 et
317 3827 400 3886 irrita
432 3823 617 3888 declarem‘fi
662 3823 751 3899 (Buti.
781 3831 850 3889 tom.
880 3824 908 3889 3.
933 3822 998 3902 at.)
1043 3826 1095 3888 His
1128 3827 1287 3909 stantibus,

151 3926 355 4012 dignabuntur
376 3925 433 3990 EE.
459 3924 518 3988 VV.
540 3928 717 3990 decernere:
748 4001 751 4008 ‚
