2736 4660
471 205 552 262 Gaius
570 207 775 262 matrimoniales.
833 205 836 208 ’
1097 275 1101 279 1
1150 193 1212 262 357

154 364 217 430 Nec
235 371 343 447 ¹putant
365 365 505 444 officere,
529 363 650 428 decreta
672 362 761 445 hujus
783 363 812 456 S.
837 364 867 428 C:
892 367 970 447 iprae
994 366 1121 428 similem
1145 368 1212 432 dis-·

66 473 278 549 pausationem
302 467 508 551 denegandam
531 485 600 530 esse
623 471 740 530 censuit
762 471 791 530 iu
809 466 898 532 Laod.
923 467 1055 548 dispens.
1081 466 1219 552 temp

70 571 163 649 1755,
188 578 220 635 in
243 573 381 636 Pinneus.
405 569 457 636 29.
471 571 542 652 blaji
569 567 660 649 inse,
684 575 715 630 01
736 575 768 632 in
791 571 884 634 altera
907 571 1049 635 Leodien.
1072 572 1206 655 teitan
1320 645 1332 654 ,

66 679 205 756 proxime
233 679 401 755 praeteriti,
428 679 497 755 quia
519 679 549 736 in
572 678 665 754 prima
688 672 830 736 Laodice.
853 673 998 756 agebatur
1020 675 1057 736 de
1080 674 1209 755 dispen-

65 784 186 842 satione
208 782 299 859 petita
330 797 346 840 a
369 778 511 854 muliere,
541 767 580 838 at
597 778 723 840 ducaret
748 777 881 840 atteram
909 779 961 838 soi
980 781 1044 840 oiri
1058 777 1212 858 fratrem,

61 883 152 964 quod
173 883 401 944 exorbitantics
424 886 501 958 crat,
527 884 557 941 in
573 879 697 948 Pinnem
720 885 790 960 quia
813 878 916 942 deerat
933 881 1115 944 concludens
1132 897 1208 962 pre·

66 987 149 1049 batio
183 1003 243 1048 non
260 990 399 1046 vsecutae
428 987 711 1059 consummationis,
743 989 774 1043 et
801 986 832 1042 in
856 982 949 1044 altera
972 983 1114 1046 Leonica.
1138 968 1215 1063 quia

68 1089 262 1168 probationes
285 1091 481 1149 consummati
499 1090 676 1148 matrimonii
693 1107 709 1148 a
726 1085 949 1148 contradictore
963 1085 1176 1150 atterebantur.
1190 1141 1195 1151 .

157 1189 367 1273 lliguabuntur
388 1193 490 1272 itaque
513 1187 570 1250 EE.
596 1185 655 1252 VV.
681 1186 853 1249 decernere.

157 1293 229 1371 „An
252 1296 290 1353 sit
312 1283 527 1354 consulendum
541 1279 733 1353 Sanctissimo
753 1309 808 1370 pre
831 1288 1062 1372 dispensatione,
1087 1298 1117 1354 in
1139 1310 1210 1356 easu

68 1404 128 1459 etc.
152 1396 180 1460 S.
203 1395 235 1458 C,
258 1394 428 1475 respondit:
462 1393 594 1484 Atlantis
617 1393 845 1474 particularibus
867 1398 1107 1472 circumstantiis,
1132 1414 1210 1459 eon-

69 1499 227 1562 sulendum
251 1515 320 1559 esse
342 1496 538 1560 Sanctissimo
560 1514 614 1578 pro
638 1496 861 1577 disponsatione
883 1513 974 1579 super
995 1497 1210 1579 impedimento

69 1602 208 1682 publicae
230 1599 405 1677 honestatis,
429 1604 460 1660 et
482 1603 571 1662 etiam
595 1597 770 1661 affinitatis“
793 1600 842 1661 die
866 1597 914 1663 12.
938 1599 1020 1663 lunii
1046 1596 1137 1662 1762.

157 1703 216 1766 Sed
239 1708 395 1783 perspecta
418 1705 546 1764 maxima
577 1699 789 1785 suffragiorum
812 1707 943 1765 scissura
981 1709 1134 1764 certamen
1156 1723 1210 1766 re-

71 1812 176 1872 novari
196 1808 287 1887 jussit
309 1805 448 1867 Summus
471 1805 619 1884 Pontifex,
642 1810 675 1868 ut
695 1809 727 1866 in
750 1805 836 1886 gravi
859 1811 982 1888 negotio
1004 1811 1115 1868 veritas
1137 1824 1209 1871 sae-

71 1917 138 1992 pius
162 1912 330 1972 examinata
354 1909 463 1970 clarius
486 1907 687 1981 elucesceret3
720 1923 809 1969 cansa
832 1910 934 1988 itaque
957 1914 1144 1991 reproposita
1167 1915 1214 1972 ast

75 2013 122 2077 11.
145 2013 226 2094 Sept
253 2007 351 2088 1762,
384 2011 440 2072 sub
461 2009 568 2090 dubio,
600 2028 637 2074 an
666 2012 706 2071 sit
733 2007 870 2072 standum
892 2012 940 2074 vel
970 2011 1172 2076 recedendum
1196 2033 1212 2076 a

71 2119 191 2191 decisis,
215 2121 248 2177 in
270 2130 351 2177 casu.
397 2112 608 2178 Secretario'S.
622 2113 658 2177 C..
676 2117 812 2196 graviter
834 2121 1004 2195 opponente
1028 2120 1059 2177 in
1082 2133 1213 2178 eonces-

72 2239 134 2284 sam
159 2225 285 2304 gratiam
316 2217 562 2298 dispensationis:
594 2234 665 2278 num
696 2215 730 2293 1)
757 2217 859 2279 relatis
888 2210 1119 2282 circumstantiis
1151 2237 1213 2281 non

72 2323 244 2386 excluditur
256 2322 522 2384 consummationis
535 2324 713 2382 matrimonii
726 2325 929 2402 praesumptio
943 2325 974 2383 in
992 2341 1073 2402 casu,
1098 2323 1132 2401 2)
1151 2324 1215 2384 im*

71 2426 276 2509 pedimentum
309 2425 398 2486 etiarn
430 2423 566 2502 publicae
599 2420 764 2486 honestatis
787 2441 826 2486 ex
849 2417 1040 2488 matrimonio
1063 2432 1128 2490 rate
1151 2445 1212 2489 nou
1260 2436 1268 2459 ‘

71 2549 107 2592 ea
131 2528 275 2592 lacilitate
298 2527 498 2607 dispensatur,
522 2531 600 2588 sicut
620 2530 652 2588 in
674 2526 888 2606 impedimento
904 2543 946 2589 ex
964 2530 1151 2610 sponsalibus
1174 2531 1212 2592 de

71 2633 185 2696 tuturo.
217 2629 252 2706 3)
275 2629 358 2692 Licet
376 2629 493 2710 ambigi
522 2635 651 2709 nequeat
680 2627 718 2690 de
747 2635 855 2692 summi
878 2631 1027 2695 Pontifiois
1053 2637 1216 2712 potestate,

70 2742 202 2798 attamen
226 2751 286 2796 nou
309 2732 452 2814 expedire
468 2731 598 2810 videtur,
622 2731 875 2812 dispensationem
893 2737 1061 2798 concedere
1074 2739 1211 2816 privetis
1304 2801 1306 2812 ,

69 2843 139 2901 aine
158 2837 285 2917 publice
307 2853 407 2898 cocao
428 2853 525 2916 sopor
546 2835 760 2914 mpedimento
778 2840 875 2915 primi
894 2840 1014 2916 prodas
1034 2837 1209 2918 affinitatis.

70 2941 239 3006 Cardiualis
262 2939 299 3002 de
313 2940 407 3022 Lugo,
431 2959 448 3002 a
471 2957 495 3003 s.
521 2956 609 3000 mem.
635 2937 755 3000 Urbano
769 2937 845 3001 viti.
862 2945 941 3002 cirea
957 2941 1211 3021 dispensationem
1302 3017 1307 3022 ι

70 3049 195 3124 petitam
217 3041 388 3105 ablaniuae
411 3043 495 3104 Duce
518 3059 609 3122 super
630 3040 844 3120 impedimento
867 3047 952 3124 primi
975 3044 1087 3128 gradus
1109 3043 1213 3106 afini-

71 3151 142 3210 tatis
164 3147 262 3208 lineae
284 3153 396 3225 rectae,
420 3145 594 3226 respondit,
618 3161 707 3224 posse
729 3143 849 3224 quidem
873 3145 961 3226 bujus
985 3148 1214 3228 01011111ορ00-

71 3255 220 3313 sationem
254 3250 380 3312 concedi
412 3267 429 3310 a
461 3247 582 3312 Summo
613 3244 773 3325 Pontifice,
803 3248 860 3310 sed
891 3267 952 3311 non
985 3252 1143 3332 expedire,
1175 3251 1214 3312 eb

71 3357 235 3415 maximam
258 3351 338 3413 illius
361 3353 583 3434 conjunctionis
614 3349 847 3429 turpitudiuem3
877 3369 975 3432 neque
998 3361 1097 3416 autem
1121 3353 1213 3416 multo

70 3459 169 3518 levior
192 3461 239 3517 est
261 3453 413 3534 turpitudo
430 3456 650 3536 conjunctionis
672 3456 704 3512 in
726 3458 822 3532 primo
835 3454 930 3537 gradu
953 3455 1105 3518 affinitatis
1116 3455 1213 3518 lineae

73 3551 292 3623 transversariis.
330 3558 513 3638 *Primusque
544 3560 676 3618 omniurn
699 3555 844 3619 Martinus
867 3557 902 3618 V.
932 3575 1015 3621 anno
1035 3555 1117 3620 1418
1138 3557 1214 3620 hanc

71 3663 327 3743 dispensationem
358 3664 508 3724 concessit
531 3660 638 3722 Comiti
662 3659 793 3721 Turiensi
827 3658 1018 3738 producenda
1048 3659 1137 3723 vidua
1166 3667 1212 3723 sui

71 3766 195 3844 fratris,
225 3764 286 3826 iilia
309 3763 401 3826 Ducis
424 3763 630 3843 Bavariae(‘l)
654 3763 839 3842 (Navarrae)
870 3769 902 3824 et
933 3781 1125 3828 successores
1148 3765 1214 3846 ejus

73 3885 169 3950 usque
192 3864 229 3929 ad
252 3885 276 3930 s.
311 3887 400 3931 mem.
425 3867 610 3931 Clementem
632 3867 682 3931 Xl.
706 3871 859 3948 rarissime
888 3868 955 3933 illas
983 3875 1212 3949 concesseruni3

74 3977 173 4058 atque·
193 3975 229 4033 ia
253 3969 316 4034 tina
338 3969 414 4033 XVl.
446 3971 573 4050 saeculi,
608 3989 648 4034 ne
671 3970 843 4039 scandalum
871 3977 1001 4037 oriretur
1028 3976 1061 4034 in
1090 3973 1211 4057 populo,
