2758 4664
189 175 250 240 198
557 188 595 240 lie
615 187 705 241 Gensis
723 185 956 240 matrimonialibus.

186 354 278 411 testas
297 345 516 428 jurisdictionis
538 351 679 408 censetur
699 338 794 426 paesi
815 343 992 408 ordinaria·
1018 342 1054 417 2)
1076 341 1106 406 Si
1129 340 1218 404 alieni
1243 359 1330 404 corn-

186 455 320 512 mittatur
341 452 485 510 vicarium
509 447 652 526 officium,
676 456 724 514 cui
745 447 914 532 jurisdictio
938 464 1054 509 annexa
1077 450 1133 523 est,
1158 463 1187 506 v.
1212 465 1242 528 g.
1258 443 1329 505 olfr-

186 557 264 615 cium
290 549 410 634 parochi
439 551 586 632 absentis3
617 554 692 616 iales
714 571 801 614 unam
825 551 876 612 vel
899 551 1023 613 alteram
1047 565 1168 611 cansam
1192 552 1330 629 particu-

181 637 277 716 larem
309 655 393 717 alteri
425 655 625 739 subdelegare
649 653 819 735 possunt¹).
866 653 944 715 Hinc
967 657 1125 734 episcopus
1148 656 1249 732 potest
1272 651 1330 713 de-

185 759 288 841 legare
317 763 495 838 potestatem
527 759 720 838 dispensandi
753 762 784 820 in
807 759 868 820 illis
891 755 1128 837 impedimentis,
1159 759 1190 816 in
1220 755 1330 837 quibus

185 860 337 941 dispensat
360 878 399 920 ex
422 861 580 945 privilegio
603 863 742 946 dignitati
767 860 927 940 episcopali
951 864 1095 940 perpetuo
1125 877 1263 936 annone,
1287 877 1327 922 sc.

190 965 221 1039 1)
251 964 284 1024 ln
311 963 534 1044 impedimentis
562 965 809 1045 irnpedientibuS,
848 969 981 1044 exceptis
1009 968 1079 1024 voto
1122 966 1269 1024 castitatis
1300 969 1330 1022 et

186 1068 351 1150 religionis,
376 1067 578 1148 sponsalibus,
603 1074 633 1128 et
654 1067 868 1148 impedimento
891 1069 1002 1128 mixtae
1027 1065 1209 1148 religionis,
1238 1064 1276 1139 2)
1299 1069 1329 1126 in

184 1171 322 1232 omnibus
351 1169 575 1250 impedimentis
605 1171 887 1252 supervenientibus
917 1169 953 1231 ad
986 1167 1117 1229 debitum
1153 1167 1329 1247 petendum,

185 1271 219 1347 3)
243 1271 275 1333 ln
298 1272 519 1352 impedimentis
543 1271 659 1352 dubiis,
693 1273 782 1335 mode
805 1276 957 1352 exposito,
993 1270 1028 1346 4)
1041 1257 1082 1331 ‘in
1114 1270 1327 1332 dirimentibus

183 1375 327 1454 occultis,
353 1380 524 1454 tumente,
550 1381 612 1438 tum
637 1383 703 1456 posi
726 1379 947 1438 matrimonium
972 1379 1175 1451 contractum,
1200 1377 1232 1435 in
1255 1393 1329 1436 casu

184 1483 372 1540 necessitatis
396 1497 485 1558 snpra
508 1481 672 1558 expositae.
705 1479 839 1559 insuper,
863 1497 931 1540 cunr
953 1483 1086 1558 potestas
1109 1481 1139 1538 in
1156 1477 1245 1538 dictis
1268 1479 1330 1536 im-

180 1579 364 1660 pedimentis
389 1600 448 1642 non
472 1585 510 1643 sit
533 1582 725 1666 privilegium
748 1582 918 1663 personale,
942 1581 995 1643 sed
1017 1583 1112 1660 reule,
1137 1587 1241 1661 utpote
1251 1599 1328 1642 con-

154 1721 159 1727 -
181 1699 299 1744 cessum
322 1689 461 1762 respectu
484 1685 647 1768 dignitatis,
674 1693 703 1747 et
726 1685 1012 1769 privilegiumreulc
1035 1687 1264 1762 transmittatur,
1291 1683 1328 1746 ad

180 1783 339 1848 haeredem
349 1783 385 1863 ε),
410 1785 479 1848 hinc
502 1787 627 1868 Capituli
654 1787 809 1868 Vicarius,
833 1787 982 1850 defuncto
1004 1786 1163 1867 Episcopo,
1188 1788 1254 1863 (vel
1271 1787 1325 1848 ad-

183 1894 367 1952 ministrator
390 1889 603 1968 dioeceseos),
634 1895 684 1971 qui
714 1897 761 1952 est
784 1894 868 1972 quasi
894 1889 1002 1953 haeres
1025 1889 1156 1952 defuncti
1180 1895 1324 1971 episcopi,

180 1998 211 2055 in
234 1987 315 2052 hisce
337 1990 426 2053 habet
450 1998 629 2071 potestatem
653 1993 844 2075 dispensandi
855 1990 893 2072 3),
919 2011 1046 2056 unacum
1079 1993 1233 2072 facultate,
1259 2011 1324 2056 eam

181 2093 339 2177 delegandi
363 2094 439 2156 aliis.
463 2130 506 2140 —
529 2095 587 2158 Sed
610 2097 698 2160 aliter
720 2096 878 2158 dicendum
903 2102 949 2158 est
972 2096 1009 2157 de
1032 2095 1172 2159 facultate
1195 2099 1320 2177 speciali

181 2201 323 2278 episcopo
346 2215 501 2276 concessa,
525 2199 575 2260 vel
598 2217 637 2260 ex
659 2202 754 2280 poesi
776 2200 955 2284 privilegi03
978 2203 1010 2260 in
1026 2199 1083 2262 hoe
1099 2217 1170 2262 casu
1198 2201 1348 2280 lienis-v

183 2319 276 2382 copus
312 2305 430 2380 proprie
463 2319 523 2364 non
547 2308 645 2382 potest
682 2301 901 2386 subdelegare,
935 2305 993 2364 nisi
1027 2320 1205 2382 expressum
1237 2300 1327 2384 sit,⁴)

185 2406 219 2481 2)
251 2407 316 2484 ipso
340 2409 481 2485 episcopo
507 2410 653 2468 moriente
675 2405 726 2468 illa
749 2405 875 2468 facultas
899 2410 1103 2488 extinguitur,
1133 2423 1191 2466 neo
1223 2413 1329 2470 trans·
1366 2403 1367 2408 ’

182 2512 308 2570 mittitur
339 2507 375 2570 ad
409 2509 678 2572 administratorem
718 2507 766 2568 vel
797 2509 917 2588 capituli
949 2505 1110 2570 Vicarium.
1155 2509 1328 2572 Facultates

178 2617 272 2696 igitur
305 2612 560 2693 quinquennales,
612 2628 688 2692 quae
725 2615 924 2673 communiter
963 2615 1088 2672 cunctis
1118 2611 1279 2694 Episcopis
1311 2634 1327 2676 a

179 2716 274 2777 Roma
298 2719 393 2798 magis
415 2719 540 2776 remotis
563 2713 791 2792 conceduntur,
825 2719 855 2774 et
883 2713 960 2776 aliae
990 2713 1137 2794 speciales
1167 2714 1327 2779 facultates

104 2887 108 2894 ¹
179 2836 278 2898 neque
301 2817 366 2879 aliis
384 2823 509 2898 possunt
531 2817 739 2900 subdelegare,
764 2819 822 2878 nisi
845 2835 1022 2896 expressum
1044 2822 1093 2892 sii,
1117 2835 1216 2898 neque
1239 2823 1326 2882 tran-

65 2983 69 2990 ,
179 2927 267 2983 seunt
290 2921 327 2982 ad
350 2921 618 2984 administratorem
641 2921 830 3000 dioeceseos,
859 2919 1003 2983 defuncto
1026 2917 1225 3000 Episcop0.⁵)

206 3177 229 3242 ¹)
246 3175 384 3244 baymann.
403 3179 446 3230 lib.
465 3181 490 3232 4.
509 3189 539 3231 tr.
558 3181 582 3232 5.
602 3195 624 3230 e.
647 3179 687 3232 10.
706 3197 730 3230 n.
752 3178 791 3240 12,
812 3178 853 3232 13.
871 3179 895 3230 S.
914 3177 1013 3248 ligator.
1032 3178 1074 3230 lib.
1094 3179 1117 3230 6.
1137 3195 1160 3230 n.
1181 3181 1242 3232 566.

206 3265 228 3329 2)
247 3262 332 3329 Laynr.
351 3263 396 3316 lib.
417 3268 438 3317 i.
457 3275 487 3318 tr.
505 3267 530 3318 l.
549 3283 571 3318 c.
590 3266 632 3318 23.

208 3349 231 3413 3)
249 3348 403 3418 Schnmlugr.
423 3355 459 3404 lit.
480 3352 519 3405 16.
538 3369 562 3404 n.
581 3353 623 3405 88.

202 3435 225 3500 4)
244 3435 341 3502 Excipe
361 3438 485 3490 vicarium
505 3437 669 3502 Generalem,
697 3441 737 3490 eui
760 3447 845 3492 tamen
870 3454 921 3492 non
941 3441 1042 3506 proprie
1061 3437 1123 3490 liaeo
1141 3437 1265 3506 specialis
1284 3440 1324 3489 la-

248 3521 328 3574 cultas
347 3523 486 3592 delegatur,
504 3525 548 3576 sed
567 3528 649 3592 potius
666 3527 874 3588 communicatur,
894 3525 1045 3578 assumeado
1065 3525 1178 3576 illumin
1197 3541 1324 3593 coopera-

248 3610 356 3672 tionem;
383 3609 456 3672 hinc,
480 3627 539 3671 eum
558 3619 652 3674 morte,
679 3611 719 3664 vel
746 3611 902 3680 depositione
927 3620 970 3664 aut
996 3611 1165 3680 resignatione
1189 3611 1324 3680 Episcopi.

248 3702 358 3760 potestas
378 3695 468 3748 Vieurii
487 3695 617 3748 Generalis
635 3700 797 3767 extinguitur.

200 3779 226 3846 ⁵)
244 3779 356 3832 Potestas
376 3781 492 3851 delegata
509 3799 523 3832 u
542 3783 566 3834 S.
585 3783 650 3836 Sedu
668 3801 719 3838 nou
737 3787 835 3853 expirat
852 3801 898 3852 per
916 3793 1021 3836 mortem
1040 3783 1064 3836 S.
1082 3783 1219 3836 Pontificis.
1251 3784 1324 3836 Ratio

248 3875 318 3933 patet
336 3885 367 3918 ex
385 3869 466 3920 dictis.
483 3897 518 3906 -
535 3869 662 3922 lleilfenst.
682 3871 791 3938 append.
808 3875 833 3938 5.
852 3875 875 3924 2.
894 3887 918 3927 u.
937 3871 979 3924 3³.
998 3870 1060 3922 lllae
1077 3877 1163 3923 aulem
1180 3869 1322 3934 facultates,

245 3951 276 4002 de
295 3953 386 4022 quibus
405 3970 552 4023 expressum
571 3964 616 4020 est,
635 3965 662 4008 ut
680 3955 734 4008 aliis
753 3959 934 4010 communicari
952 3960 1059 4027 possint,
1077 3972 1137 4012 cum
1151 3965 1234 4025 morte
1244 3955 1322 4028 Epis·
1366 3965 1367 3974 ¹
