2746 4646
339 202 378 256 Da
393 203 579 272 impediment'u
597 205 790 275 impedientibus
808 209 834 260 in
852 211 946 278 speeie.
1170 199 1210 266 71

75 367 219 441 externo,
248 379 348 424 aunon
369 361 614 442 impedimentum
639 363 782 428 dirimens
805 365 902 430 obstet
925 385 1029 433 comm
1053 375 1213 436 matrimo-

73 469 138 541 nio;
168 470 193 528 si
218 485 277 529 una
301 483 368 546 pars
391 472 505 528 tantum
529 472 701 548 resipiscat,
732 468 824 530 altera
847 475 1007 547 renitente,
1030 478 1213 554 resipiscens

72 569 188 631 admitti
212 575 309 650 potest
330 570 366 632 ad
382 568 571 632 Sacramenta
594 575 660 634 sine
682 570 892 634 benedictione
916 576 1038 656 nuptiali
1044 596 1055 653 ;
1077 581 1102 640 si
1126 585 1213 644 ntru-

71 689 130 750 qne
154 677 326 752 resipiscat,
357 672 548 736 consessione
571 679 689 753 peracta
713 673 955 740 benedictionem
980 680 1153 760 nuptialem,
1178 689 1210 746 ut

71 780 172 836 exstat
192 773 355 855 inRituali,
379 776 438 838 illis
461 776 532 838 dare
555 784 585 838 et
607 777 678 838 licet
700 782 730 838 et
743 778 865 856 expedit
877 775 914 856 ¹),
937 785 1010 858 quin
1033 787 1134 846 tamen
1156 799 1210 846 re-

71 885 201 940 novetur
224 895 398 941 consensus.
412 875 439 953 ²)

158 990 191 1062 ip.
216 983 463 1061 aduocandum,
492 982 576 1058 iilos,
604 986 728 1062 insuper
749 987 912 1048 incurrisse
935 986 1126 1066 probabiliter
1147 1007 1209 1052 ex-

69 1089 371 1147 communicationem
404 1091 525 1165 propter
555 1090 856 1148 communicationem
887 1105 954 1150 curn
984 1087 1143 1154 haereticis
1173 1097 1209 1154 in

69 1193 180 1266 sacris;
213 1187 250 1250 de
273 1193 383 1250 ceteris
404 1189 542 1250 similiter
564 1206 633 1252 esse
656 1189 877 1268 procedendum
902 1209 937 1252 ao
959 1211 1027 1255 cum
1050 1195 1206 1273 prioribus.

155 1288 221 1352 ΝΒ.
252 1290 290 1352 de
318 1291 450 1352 curando
481 1297 576 1353 mixto
603 1297 793 1356 matrimonio
822 1291 1005 1356 clandestine
1033 1298 1108 1360 iuito
1138 1296 1207 1360 vide

69 1401 96 1467 §-
121 1399 311 1475 sequentem.

586 1572 614 1640 ς.
639 1563 689 1630 23.

234 1677 261 1740 c)
281 1674 317 1726 lle
340 1675 501 1726 contrahatur
525 1677 712 1729 matrimonium
736 1676 801 1726 inter
825 1675 978 1758 haereticum
1003 1675 1163 1744 baptizatum
1181 1687 1207 1730 et

277 1759 441 1823 catholicam,
460 1769 485 1810 et
503 1763 558 1812 vice
576 1777 657 1812 versa.
682 1761 905 1826 (impedimentum
924 1764 1015 1811 mixtae
1033 1762 1182 1832 religionis.)

157 1879 178 1943 i.
204 1879 268 1942 lloc
289 1879 535 1960 impedimentum
559 1899 575 1942 a
598 1883 708 1942 ceteris
729 1880 961 1960 impedientibus
982 1884 1014 1943 in
1033 1879 1090 1946 hoo
1109 1889 1207 1964 potis-

67 1988 177 2044 simum
202 1983 317 2063 dillert,
347 1989 393 2058 ut,
424 1981 493 2044 dum
524 1989 623 2045 cetera
651 1989 721 2045 sunt
749 1982 884 2044 delectus
906 1987 1095 2046 matrimonio
1119 1985 1206 2066 juxta

67 2086 232 2166 plerosque
253 2090 418 2164 intrinseci,
443 2090 588 2162 rationes,
617 2085 784 2167 hujusmodi
809 2089 997 2147 matrimonia
1020 2086 1204 2168 prohibendi,

65 2194 128 2250 sint
160 2193 350 2252 matrimonio
380 2193 562 2252 intrinsecae
591 2195 679 2270 atque
709 2207 748 2250 ex
777 2195 881 2250 natura
911 2192 1089 2251 matrimonii
1121 2195 1205 2272 quasi

64 2291 222 2372 perlluant.
262 2291 337 2353 Hinc
355 2292 416 2372 jam
440 2296 470 2353 in
493 2296 709 2370 antiquissimis
733 2292 868 2354 conciliis
891 2291 942 2352 illa
966 2290 1086 2352 luerunt
1109 2293 1206 2354 inter-

63 2395 154 2458 dicta.
187 2393 277 2456 Juxta
300 2395 527 2474 probabiliorem
551 2391 769 2467 sententiam³t
788 2396 850 2475 jam
873 2398 942 2454 ante
967 2399 1100 2472 tempora
1123 2393 1207 2458 Gon-

63 2502 188 2560 stantini
211 2498 250 2559 lll.
279 2503 368 2578 atque
390 2497 466 2560 odeo
488 2505 558 2560 ante
581 2497 693 2561 Concil.
716 2495 838 2557 Nicaen.
863 2496 904 2574 i.,
935 2497 1054 2576 quando
1078 2473 1204 2561 necdum

65 2602 157 2681 plene
179 2600 294 2662 reddita
325 2607 388 2662 erat
411 2619 469 2680 pax
491 2601 661 2679 Ecclesiae,
692 2599 746 2661 sed
769 2598 865 2661 adhuc
886 2599 1007 2681 vigebat
1024 2605 1205 2680 persecutio,

66 2705 234 2766 Concilium
258 2703 441 2765 Eliberinum
464 2707 496 2765 in
517 2703 645 2782 Eliberi,
672 2699 799 2784 Botyoae
815 2705 988 2782 provinciae
1010 2705 1147 2778 civitate,
1174 2707 1206 2766 in

65 2807 211 2886 Hispania
234 2805 362 2868 habitum
387 2811 432 2867 est
454 2805 491 2868 ab
518 2804 554 2870 19
578 2809 734 2886 episcopis,
758 2808 789 2866 in
812 2803 897 2886 cujus
912 2807 986 2866 actis
1010 2822 1072 2884 cap.
1090 2799 1136 2868 16.
1162 2811 1207 2870 sie

64 2910 174 2972 habet:
207 2910 414 2988 „Haereticis,
445 2914 496 2989 qui
519 2915 621 2972 errant
643 2908 680 2970 ab
701 2907 835 2970 Ecclesia
858 2904 1023 2986 Catholica,
1054 2925 1110 2968 neo
1131 2911 1205 2988 ipsis

65 3010 235 3074 Catholicae
263 3010 374 3074 dandus
402 3013 532 3092 puellas,
562 3011 616 3074 sed
647 3029 745 3092 neque
767 3009 890 3072 Judaeis
920 3024 1019 3090 neque
1047 3008 1205 3073 haereticis

65 3114 130 3175 dari
155 3115 283 3193 placuit,
313 3133 350 3176 eo
373 3115 452 3196 quod
475 3115 555 3178 nulla
577 3119 671 3194 possit
701 3129 769 3174 esse
791 3115 918 3174 societas
941 3110 1037 3175 fidelis
1063 3131 1130 3175 curn
1153 3117 1205 3174 in-

65 3215 162 3280 fideli.
187 3215 242 3295 „Si
259 3223 362 3280 contra
381 3217 571 3279 interdictum
589 3217 715 3278 iecerint
730 3220 879 3296 parentes,
900 3215 1041 3278 abstineri
1052 3233 1106 3296 per
1120 3220 1205 3296 quin·

65 3323 232 3400 quenniurn
256 3317 420 3398 placetf‘4)
442 3354 484 3368 -
508 3319 541 3382 ln
565 3319 675 3383 Concil.
694 3316 862 3380 Laodicena
886 3322 932 3392 (iu
954 3318 1098 3402 Phrygia)
1122 3321 1202 3380 circa

93 3565 116 3633 ¹)
137 3567 268 3634 Expedit,
294 3573 321 3618 ut
338 3567 481 3618 reverentia
504 3573 619 3617 servetur
637 3566 795 3634 aliquatenus
819 3581 880 3634 erga
899 3563 1087 3616 Sacramentum
1112 3562 1202 3613 matri-

137 3653 231 3715 monii,
249 3660 274 3702 et
291 3659 382 3704 statum
401 3651 618 3703 matrimonialem.

92 3740 117 3804 ²)
137 3737 211 3788 hlissa
235 3746 318 3788 autem
342 3754 389 3804 pro
413 3740 511 3804 sponsis
535 3752 564 3786 ao
587 3736 729 3788 benedictio
753 3753 783 3788 ex
806 3734 898 3787 llissali
919 3749 971 3784 non
994 3745 1069 3800 posse
1091 3732 1203 3800 suppleri

137 3823 324 3888 videturjuxta
343 3822 441 3876 liceret.
459 3821 483 3874 S.
503 3819 530 3873 G.
550 3820 577 3873 G.
596 3825 637 3872 cit.
657 3823 681 3887 §.
703 3823 742 3876 19.
760 3821 803 3874 iii.

94 3910 118 3975 ³)
137 3907 231 3962 Boron.
250 3917 309 3959 tom.
328 3910 352 3960 2.
370 3907 460 3960 hunsl.
479 3907 511 3959 ad
529 3923 587 3959 ann.
607 3908 665 3960 305.

94 3994 120 4063 ⁴)
139 3993 242 4047 Summa
260 3992 354 4048 Concil.
374 3991 509 4048 Canauna.
528 4011 552 4062 p.
570 3993 613 4045 82.
716 3999 719 4006 '
