2758 4664
413 195 452 253 o·
469 193 560 268 capia
576 191 812 250 matrimonialibus
1125 169 1195 250 239

47 363 101 420 aut
123 357 231 420 saltem
252 371 398 437 expresso
420 371 573 418 consensu
594 355 632 417 de
655 360 806 436 praesenti
828 371 882 435 per
904 355 1061 436 epistolam
1085 353 1190 420 direc-

47 466 109 522 tam
133 464 256 541 proprio
278 457 409 539 parocho
438 463 660 521 matrimonium
689 463 867 534 renovetur3
899 457 976 536 „sed
998 461 1023 520 si
1046 475 1116 541 pars
1137 463 1191 523 in·
1231 527 1237 540 ‚

48 564 194 642 disposita
210 581 267 625 neo
283 564 340 624 lnoc
351 562 440 625 modo
456 567 644 624 consenserit
659 561 827 624 revalidare
842 565 1064 624 matrimonium
1073 581 1083 638 ;
1105 565 1188 640 tunc,

48 671 141 727 etiam
169 670 199 726 in
230 665 398 748 hujusmodi
427 683 517 742 casu,
547 665 585 728 ad
610 665 862 743 dispensationem
889 669 922 726 io
951 664 1055 726 radice
1082 671 1190 728 mairi-

48 775 159 847 monii,
187 787 243 832 seu
269 769 306 830 ad
329 769 510 832 matrimonii
528 773 715 833 sanationem
739 767 877 830 deveniri
899 783 989 848 posse
1007 765 1187 850 Judieamns,

46 877 89 933 ita
117 878 150 934 ut
178 873 285 934 saitem
306 876 479 935 innocentis
500 877 594 952 partis
616 877 733 934 animae
755 871 861 949 saluti,
893 872 986 952 prolis
1008 872 1191 954 legitimitati

50 982 82 1037 et
106 976 285 1037 familiarum
310 975 514 1056 tranquillitati
536 979 658 1037 omnino
680 975 851 1037 consultum
874 978 930 1049 sit,
959 978 990 1035 et
1012 991 1101 1055 quam
1124 979 1191 1056 pri-

48 1097 131 1141 mum
155 1083 246 1141 etiam
270 1084 424 1141 renuentis
446 1083 565 1140 animae
592 1078 680 1140 saluti
703 1078 864 1160 providere
886 1081 1014 1158 possit.“
1026 1073 1054 1154 ¹)
1091 1077 1191 1140 Deni-

48 1199 109 1261 que
138 1187 164 1243 si
187 1186 293 1244 neutra
321 1199 391 1259 pars
419 1181 519 1244 denuo
547 1185 768 1243 matrimonium
798 1179 977 1242 contrahere
1006 1183 1185 1259 consentiat,

49 1283 269 1345 nihilomnino
292 1283 494 1346 incernam
517 1284 684 1345 iaciendum
708 1289 769 1358 est,
801 1301 869 1345 cum
891 1284 972 1346 nulla
1001 1277 1214 1364 dispansaiio'

46 1387 83 1447 ali
101 1385 238 1448 Ecclesia
259 1391 290 1447 in
315 1387 362 1447 lali
386 1405 459 1448 casu
477 1385 675 1462 concedatur3
696 1391 790 1448 restat
803 1389 898 1468 igitur
918 1385 1058 1466 parocho,
1082 1392 1117 1448 ut
1137 1389 1191 1448 in-

46 1490 169 1550 cumbat
192 1489 321 1551 ferventi
336 1493 475 1565 orationi,
489 1488 664 1571 frequenter
677 1487 743 1551 Deo
760 1494 947 1552 miserrimos
961 1490 1191 1553 concubinarios

46 1591 305 1672 commendando,
336 1600 366 1654 et
388 1599 422 1656 ut
449 1593 580 1656 assiduis
608 1597 689 1656 curis
716 1589 824 1655 horum
854 1595 1084 1656 conversionem
1111 1609 1189 1674 pro·-

46 1713 158 1758 curare
180 1699 304 1778 satagat.
313 1693 342 1772 ²)

567 1829 595 1899 §-
619 1821 671 1888 63.

91 1953 128 2025 3)
147 1951 199 2014 De
217 1953 465 2016 revalidatione
483 1954 697 2016 matrimonii
714 1955 804 2016 irriti
822 1956 869 2016 ob
884 1953 1141 2018 inhabilitatem

537 2041 699 2115 portium.

482 2163 509 2227 a)
530 2161 605 2212 modo
622 2161 759 2213 ordinarie.

145 2269 168 2335 i.
198 2272 318 2336 Certum
341 2277 403 2348 est,
432 2276 458 2336 si
481 2277 702 2337 matrimonium
730 2278 846 2337 irrilum
875 2273 967 2338 luerit
993 2272 1033 2336 ob
1057 2272 1190 2357 impedi·
1258 2306 1259 2310 =

42 2379 182 2439 mentum
205 2375 326 2457 aliquod
348 2375 506 2451 dirimens,
536 2377 617 2458 quod
640 2383 740 2440 tamen
769 2375 970 2458 dispensabile
993 2381 1056 2454 est,
1087 2381 1189 2458 impe-

44 2485 128 2542 trata
161 2479 288 2558 simplici
317 2477 557 2560 dispensatione,
587 2486 745 2564 utramque
773 2485 902 2562 partem,
935 2483 1125 2544 certioratam
1148 2478 1187 2544 de

45 2586 160 2662 prioris
182 2585 364 2644 matrimonii
386 2583 533 2658 nullitate,
555 2601 667 2646 novum
685 2559 866 2648 consensum
888 2581 999 2646 debere
1021 2584 1186 2662 praestaro,

49 2689 196 2766 utrinque
223 2690 358 2746 mutuum
381 2692 411 2748 ct
432 2691 521 2770 signo
545 2693 673 2750 externo
701 2685 942 2766 manifestatum,
974 2683 1013 2748 ad
1033 2683 1187 2750 revalida-

47 2792 163 2850 tionem
194 2789 392 2870 matrimonii,
425 2789 531 2852 saltem
563 2797 649 2854 extra
680 2809 782 2854 casum
813 2792 950 2874 urgentis
985 2791 1188 2855 necessitatis.

46 2889 137 2953 Ratio
161 2895 217 2969 est,
242 2896 311 2971 quia
325 2892 569 2974 impedimentum
585 2913 602 2956 a
623 2897 770 2976 principio
792 2892 912 2955 sustulit
926 2890 1089 2955 elllcaciam
1104 2893 1197 2972 priris

47 2997 187 3074 praestiti
217 3011 384 3060 consensus
416 3002 507 3078 atque
540 2997 615 3060 illud
645 3015 699 3078 per
733 2997 899 3078 simplicem
931 2996 1186 3078 dispensationem

48 3095 242 3159 solummodo
271 3099 385 3161 tollitur
414 3100 512 3182 quoad
541 3102 606 3182 eJus
636 3099 776 3163 effectum
806 3103 837 3160 in
864 3105 1032 3181 posterum,
1065 3115 1127 3163 non
1154 3101 1186 3160 in

47 3203 255 3279 praeteritum.
299 3201 376 3264 Hinc
397 3206 429 3263 in
450 3207 604 3284 rescriptis
632 3221 656 3266 s.
679 3203 931 3266 Poenitentiariae
958 3199 1032 3264 haec
1053 3197 1187 3266 clausula

49 3303 119 3366 addi
135 3305 225 3366 solet:
249 3305 350 3368 altero
363 3311 456 3386 parte
469 3308 507 3368 de
520 3307 661 3370 nullitate
672 3307 792 3390 prioris
806 3301 995 3370 matrimonii
1008 3303 1186 3370 certiorato.

137 3407 219 3483 Dixi,
241 3408 346 3471 saltem
370 3415 463 3472 cntra
484 3430 593 3472 cesana
614 3410 754 3491 arpentis
775 3410 982 3470 necessitatis.
1003 3405 1080 3470 Nam
1102 3410 1187 3470 siex

51 3515 159 3572 notitia
190 3511 336 3575 nullitatts
367 3517 546 3576 matrimonii
575 3513 739 3594 prudenter
767 3513 864 3573 limari
896 3513 990 3590 possit
1019 3508 1186 3590 periculum

50 3616 171 3688 mortis,
192 3618 293 3696 gravis
313 3616 453 3677 infamiae
475 3623 527 3678 aut
547 3615 678 3680 scandali
699 3631 741 3676 ex
763 3615 952 3694 separatione
972 3613 1123 3691 secuturi,
1155 3615 1187 3672 et

52 3731 93 3776 ex
121 3716 181 3779 alia
204 3723 287 3796 parte
315 3718 425 3799 conjux
452 3719 660 3800 impedimenti
688 3719 828 3783 conscius
857 3733 918 3784 non
947 3721 1050 3800 posset
1072 3702 1186 3780 evitare

53 3832 262 3848 m

80 3893 103 3958 ¹)
123 3890 198 3944 llari.
216 3890 338 3963 caprona.
355 3895 372 3949 i.
390 3913 413 3950 c.

80 3979 103 4049 ²)
122 3978 200 4050 Gury.
218 3995 244 4034 n.
264 3981 338 4037 init.
