2742 4660
335 227 374 282 tta
391 226 576 296 impediamur
594 227 788 296 impedient'but
804 229 831 282 ia
847 231 941 296 speeie.
1166 217 1209 284 55

77 383 258 466 religiosum,
281 383 317 459 d)
332 390 434 448 votum
456 383 622 448 ooelibatus
643 403 700 448 sou
721 403 783 448 aon
805 385 944 450 nubendi.
967 421 1003 434 -
1028 387 1110 450 Haeo
1132 393 1210 470 qua-

79 491 145 548 tuor
166 493 235 550 vota
258 505 312 567 per
333 505 368 550 se
389 486 510 568 quidem
533 488 705 552 eoineidere
728 488 882 566 videntur,
908 487 979 550 dum
1002 493 1032 552 io
1057 495 1126 552 voto
1149 509 1209 554 non

77 587 221 666 nubendi,
245 606 364 652 sacrum
387 589 523 652 ordinem
546 591 727 672 suscipiendi
751 591 800 654 vel
821 591 999 673 religionem
1018 592 1209 675 ingrediendi

71 691 131 771 jam
144 696 245 755 votum
268 698 431 773 perpetuae
449 696 594 758 eastitatis
615 698 790 756 contentum
814 711 882 758 esse
898 692 1043 758 videatur.
1066 694 1208 758 Attamen

75 797 151 855 inter
179 811 214 856 se
236 793 478 878 distinguuntur,
508 801 656 878 quatenus
678 797 819 860 videlicet
841 799 978 860 voventis
1007 801 1134 860 intentio
1157 802 1209 860 aut

73 900 206 977 praecise
234 903 265 960 et
287 903 427 979 primario
457 898 494 962 ad
523 917 547 964 s.
571 899 715 964 Ordinem
743 905 795 962 aut
822 899 859 962 ad
881 899 1057 982 religiosum
1086 906 1205 979 statum,

73 999 141 1062 linet
162 1017 231 1062 eum
253 1005 371 1080 animo,
400 1003 552 1082 quondam
575 1007 607 1066 in
630 1021 654 1066 s.
677 1001 789 1064 Ordine
812 1003 861 1064 vel
883 1001 1032 1084 religione
1053 1003 1207 1067 emittendi

73 1107 173 1164 uotum
195 1107 356 1185 eastitatis,
384 1103 516 1181 feratur,
537 1111 588 1168 aut
610 1107 726 1168 directe
747 1106 957 1169 abstinentiam
979 1125 996 1168 a
1017 1105 1107 1169 licitis
1129 1124 1207 1168 oon-

72 1205 169 1270 nubils
182 1207 232 1270 vel
254 1213 426 1288 perpetuam
449 1215 616 1272 castitatem
638 1212 672 1272 ui
694 1209 783 1270 talem
803 1208 868 1272 Deo
890 1206 1013 1283 offeram
1034 1226 1113 1289 quae
1128 1226 1207 1290 qua-

73 1315 137 1372 tuor
158 1311 276 1392 objecta
298 1310 432 1391 prolecto
454 1315 590 1376 inuersa
612 1311 749 1376 distincta
772 1313 886 1388 suni.¹)

156 1412 207 1477 lli.
237 1412 270 1478 ln
291 1412 349 1476 hoo
369 1419 554 1478 conveniunt
582 1414 657 1478 baec
678 1420 806 1495 quatuor
829 1419 915 1492 vota,
948 1418 998 1491 ut,
1029 1413 1088 1476 illis
1110 1413 1205 1496 ligati,

70 1519 205 1597 graviter
226 1523 351 1596 peoeeal
369 1520 589 1580 matrimonium
611 1515 831 1592 contrabend03
855 1515 908 1578 sed
930 1534 999 1578 eum
1020 1534 1125 1578 eorum
1149 1517 1207 1577 ob-

67 1618 147 1698 jecta
176 1621 238 1682 sint
259 1618 393 1698 diversa,
422 1638 457 1682 ae
479 1620 605 1700 proinde
627 1625 817 1700 opponantur
838 1620 959 1682 diverso
990 1618 1077 1682 modo
1099 1617 1206 1682 officiis

71 1724 269 1801 matrimonii,
299 1721 370 1786 bino
397 1721 547 1786 diversam
576 1722 752 1786 relationem
779 1722 924 1784 inducunt
952 1720 989 1784 ad
1019 1725 1206 1786 matrimonia

68 1826 134 1886 sine
157 1824 379 1904 dispensatione
408 1824 530 1907 posthae
550 1825 654 1891 illicita
676 1829 760 1888 inita.
804 1824 895 1904 Vola,
927 1831 961 1888 ut
983 1841 1038 1903 per
1057 1840 1093 1886 se
1114 1830 1205 1904 patet,

68 1943 126 1990 non
151 1927 356 1992 dissolvuntur
378 1931 564 1992 matrimonio
586 1928 690 1992 illicite
712 1933 883 2006 enormem,
908 1927 962 1990 sed
985 1917 1084 2006 po'tius
1106 1925 1205 1990 taliter

66 2029 247 2094 contrahens
276 2034 402 2094 incurrit
424 2029 622 2114 obligationes
653 2048 746 2094 novas
767 2035 797 2092 vl
816 2032 970 2112 Juslitiae‚
1003 2047 1080 2110 quae
1103 2047 1202 2110 oppo-

67 2139 178 2196 nuntur
206 2151 312 2198 eorum
343 2133 486 2215 objectis,
518 2139 608 2215 atque
637 2133 813 2218 obligationi
843 2151 883 2196 ex
912 2137 983 2198 volo
1015 2135 1203 2213 provenienti

65 2236 247 2315 praevalent,
269 2236 417 2318 siqnidem
432 2235 535 2300 titulus
553 2237 688 2318 justitiae
706 2240 938 2325 eommutatlvae
956 2235 1023 2298 aliis
1041 2235 1203 2314 praecedit.

65 2338 140 2400 lline
163 2339 307 2422 obligatio
329 2358 368 2402 ex
384 2346 455 2402 voto
478 2343 612 2420 praeciso
633 2343 665 2402 in
688 2344 801 2402 tunimo
822 2337 1025 2418 suspenditur,
1049 2341 1080 2400 in
1101 2355 1202 2418 quan-

66 2447 126 2502 turn
143 2440 321 2506 adversatur
337 2442 510 2527 obligationi
529 2442 676 2523 justitiae,
699 2459 739 2503 ex
755 2443 943 2506 matrimonio
959 2444 1112 2504 contrario
1129 2457 1202 2520 pro-

64 2548 226 2622 veniente,
250 2563 286 2608 ae
307 2563 368 2609 non
390 2544 490 2619 aliter3
514 2543 594 2606 unde

93 2646 127 2724 i)
152 2651 203 2728 qui
235 2666 303 2710 oum
326 2655 397 2711 voto
426 2653 589 2728 perpetuae
617 2649 762 2710 eastitatis
793 2648 1014 2708 matrimonium
1046 2650 1203 2720 contraxit,

150 2754 285 2834 graviter
311 2756 446 2831 peeoavit
472 2749 694 2829 contrahendo,
726 2753 797 2832 quia
824 2752 1034 2811 executionem
1065 2751 1127 2812 voti
1157 2752 1204 2810 sui

149 2852 258 2916 saltem
281 2855 443 2933 perlectam
466 2858 510 2916 sio
532 2854 589 2918 sibi
611 2853 826 2934 impossibilem
842 2850 981 2929 reddidit,
1005 2850 1098 2912 altera
1120 2855 1204 2930 parte

150 2956 306 3018 obtinente
327 2955 443 3018 titulum
461 2957 606 3037 justitiae,
631 2956 753 3038 petendi
770 2954 917 3029 debituru3
941 2953 995 3018 sed
1011 2957 1080 3034 qula
1098 2957 1206 3016 matri-

151 3063 244 3122 monii
272 3059 414 3142 obligatio
442 3075 502 3122 non
530 3063 653 3122 omnino
676 3062 739 3124 voti
760 3057 878 3138 objecto
908 3055 1099 3134 adversatur,
1132 3054 1205 3116 illud

150 3159 314 3224 observare
336 3159 434 3238 debet,
458 3165 635 3242 inquantum
658 3162 722 3226 lieri
745 3167 845 3243 potest
866 3166 932 3226 sine
949 3159 1110 3225 violatione
1128 3161 1206 3241 juris

150 3263 289 3336 alterium
322 3261 392 3326 hino
421 3268 454 3340 a)
476 3265 556 3328 inira
577 3269 704 3346 primurn
727 3266 871 3328 bimestre
892 3269 958 3344 post
985 3266 1207 3326 matrimonium

156 3369 279 3442 initum,
303 3383 403 3446 neque
424 3372 543 3448 petere,
572 3385 672 3449 neque
694 3368 822 3430 reddere
843 3371 941 3448 potest
964 3365 1115 3443 debitum,
1137 3383 1206 3428 eum

154 3467 249 3532 altera
278 3485 346 3546 pars
374 3467 431 3532 boe
454 3475 589 3552 tempore
617 3488 679 3534 non
701 3469 807 3534 habeat
832 3470 883 3550 jus
912 3472 1047 3530 strictum
1075 3465 1206 3547 petendi.

157 3572 194 3659 b)
216 3574 320 3652 postea
341 3571 384 3634 illi
408 3571 527 3654 quiden
549 3573 619 3636 licet
634 3572 775 3652 reddere,
798 3589 949 3652 nunquam
970 3575 1070 3632 autem
1094 3574 1206 3648 petere,

153 3678 213 3736 nisi
235 3691 252 3734 a
271 3679 342 3736 volo
365 3675 565 3755 dispensetur.
588 3680 620 3753 o)
644 3675 733 3738 debet
755 3679 876 3739 omnino
899 3675 1060 3752 abstinere,
1084 3677 1109 3735 si
1132 3673 1208 3736 alter
1236 3699 1239 3702 ·

154 3779 338 3856 consentiat,
369 3778 418 3841 vel
436 3779 487 3860 jus
509 3778 630 3859 petendi
660 3781 803 3846 amiserit.
827 3797 856 3840 v.
880 3797 908 3872 g.
941 3793 995 3867 per
1017 3775 1206 3870 adulterium³

99 3982 121 4054 ¹)
139 3982 214 4040 lustr.
235 3990 299 4061 part
317 3981 387 4061 Epsi.
406 4001 431 4064 p.
450 3985 509 4046 268,
