2764 4664
180 267 245 336 260
418 254 421 260 μ
520 249 523 258 ‚
542 283 580 338 lla
598 281 775 338 Celebrationc
793 283 951 356 Nuptiarum.

179 447 213 507 in
240 439 371 526 parocho
399 440 570 508 facultatem
599 449 767 529 agnoscant
792 441 977 526 impediendi
999 440 1037 507 ad
1066 446 1184 524 tempus
1213 441 1320 502 matri-

58 533 65 544 '
181 551 315 612 monium
337 565 377 612 ex
398 545 496 630 aliqua
518 547 687 612 rationabib
710 557 820 628 causa,
846 547 953 612 eodem
976 546 1046 630 jure
1067 547 1100 607 in
1122 561 1194 608 casu
1217 547 1319 607 nostro

180 655 401 716 matrimonium
429 651 467 716 nd
495 656 611 733 tempus
639 651 809 733 interdicit,
842 650 939 716 donec
961 648 1077 714 scillcet
1106 643 1321 712 contrahentes

179 756 257 818 scitu
279 759 452 819 necessaria
474 753 637 819 addiscant.
647 754 676 833 ¹)

264 856 303 923 ll.
325 857 443 922 Deinde
464 862 545 923 serio
567 863 687 940 sponsis
708 858 848 939 inculcet,
872 864 905 921 ut
922 855 1117 940 perpendant,
1141 877 1181 923 an
1201 875 1320 921 recum

179 957 245 1030 Deo
267 966 484 1026 communicata
507 967 538 1025 et
560 967 722 1044 praemissa
744 967 860 1026 matura
874 960 1090 1024 deliberatione
1113 965 1224 1025 statum
1241 979 1322 1024 con-

174 1065 311 1150 jugalem
333 1065 496 1150 elegerint3
519 1065 609 1130 finem
624 1069 805 1146 matrimonii
820 1069 923 1148 paucis
940 1065 1080 1148 explicet,
1105 1084 1140 1130 ac
1156 1069 1322 1148 praecipue

178 1171 212 1230 in
233 1166 297 1250 his,
328 1187 407 1254 quae
437 1169 475 1235 ad
497 1169 612 1234 licitum
641 1176 671 1234 et
694 1169 819 1255 dignum
843 1169 1104 1234 sacramentorum
1133 1187 1222 1233 usum
1244 1186 1323 1250 per-

179 1274 292 1364 tinent,
323 1291 462 1338 severam
484 1278 633 1344 rationem
656 1277 769 1360 exigat,
792 1293 849 1337 nec
871 1293 932 1338 non
954 1271 1125 1336 methodum
1148 1271 1321 1354 baptizandi

179 1377 320 1458 exponat
341 1375 462 1439 iloneat
483 1393 538 1440 eos
560 1375 669 1440 dehinc
691 1377 730 1440 de
753 1377 893 1441 evitanda
915 1383 976 1440 tum
998 1379 1078 1440 inter
1100 1395 1145 1457 se,
1169 1382 1233 1439 turn
1250 1393 1322 1438 curn

178 1479 246 1542 aliis
272 1487 412 1562 suspecta
441 1484 687 1562 conversatione,
718 1479 968 1545 cohabitationem
998 1485 1067 1542 ante
1093 1483 1321 1544 matrimonium

177 1585 251 1664 ipsis
272 1587 467 1647 severissime
487 1583 647 1648 interdicat
669 1604 705 1649 no
727 1589 809 1649 ornni
832 1583 920 1648 modo
943 1581 1132 1662 dissuadeat,
1161 1603 1201 1647 ne
1224 1586 1319 1646 etiam

177 1684 309 1750 interdiu
332 1693 417 1750 extra
440 1693 635 1770 conspectum
658 1689 785 1753 aliorum
807 1689 865 1752 soli
886 1692 1114 1766 conversentur,
1140 1705 1209 1750 cunr
1231 1691 1324 1768 peri-

178 1790 279 1854 culum
308 1791 436 1856 subeant
465 1791 682 1856 benedictionis
716 1791 783 1856 loco
813 1791 947 1854 divinam
983 1789 1040 1854 sibi
1075 1788 1324 1854 maledictionem

178 1892 411 1972 adsciscendi.²)
433 1893 480 1957 Ex
501 1913 654 1960 sacrarum
669 1915 742 1960 vero
764 1900 980 1978 scripturarum
1002 1893 1086 1956 ionte
1107 1891 1220 1956 hauriri
1243 1911 1325 1974 pos-

178 2003 262 2078 sunt,
296 2009 374 2080 quae
396 2003 509 2080 optime
536 2004 567 2064 et
588 2003 796 2082 copiosissime
824 1998 881 2062 boc
903 2001 934 2060 in
949 1999 1035 2059 'casu
1062 1995 1191 2060 dicenda
1217 2001 1323 2076 erunt,
1379 2049 1380 2054 ,

178 2117 221 2166 sc.
245 2099 355 2165 'lobias
377 2120 403 2164 c.
427 2099 464 2180 3,
495 2120 524 2164 v.
559 2097 607 2164 16.
629 2094 668 2182 d,
698 2099 755 2184 133
785 2103 822 2181 6,
853 2099 902 2166 17.
928 2100 1039 2164 ibidem
1069 2118 1097 2164 c.
1119 2095 1256 2162 llll—X.
1279 2133 1325 2145 -

177 2201 276 2268 lisele.
293 2201 379 2270 cto.
395 2203 445 2270 26.
458 2202 510 2270 36.
530 2200 546 2268 1
564 2203 631 2268 (lor.
647 2223 673 2269 c.
692 2207 710 2270 7
717 2225 726 2282 ;
750 2224 776 2268 c.
788 2203 836 2270 11.
852 2203 926 2286 pr.
940 2223 967 2267 c.
980 2203 1012 2268 5.
1027 2201 1109 2266 Gelu.
1120 2198 1149 2266 3.
1175 2199 1191 2264 1
1212 2200 1325 2267 l'hesS.

177 2325 203 2372 c.
217 2303 247 2374 4.
261 2307 318 2372 iit.
335 2327 361 2374 c.
373 2305 404 2373 2.
429 2305 445 2373 1
460 2306 630 2394 Timothc.
647 2305 676 2374 2.
701 2309 790 2374 Hebr.
809 2305 858 2373 13.
883 2307 991 2373 lPetr.
1015 2326 1042 2373 c.
1055 2304 1084 2372 3.
1095 2301 1126 2384 ³)
1150 2339 1191 2354 -
1215 2303 1321 2369 Deni-

204 2531 227 2602 ¹)
244 2531 373 2587 benedict.
391 2531 458 2585 lllV.
476 2530 508 2584 de
526 2530 616 2598 synod.
635 2529 715 2584 dioec.
734 2530 778 2583 lib.
789 2531 813 2583 8.
826 2545 848 2582 e.
864 2528 903 2582 lt.
922 2544 948 2580 ιι.
961 2529 985 2582 5.
1001 2530 1026 2582 6.
1045 2526 1112 2593 „Qui
1130 2535 1216 2581 autmn
1234 2525 1324 2581 bebe-
1379 2573 1380 2584 .

247 2621 280 2672 tir
303 2628 362 2673 aunt
385 2621 496 2690 ingenii,
519 2627 547 2672 ut
571 2619 737 2687 copiosiorem
758 2615 908 2670 Catachesiu
932 2629 984 2666 uon
1006 2612 1152 2680 admittant,
1177 2613 1326 2667 doceantur

245 2705 334 2759 saltem
352 2707 491 2775 praecipua
502 2701 666 2774 fideiicapita,
684 2720 720 2757 sc.
735 2720 814 2756 unum
833 2717 889 2754 esse
900 2699 982 2752 Deum
999 2701 1110 2752 omniurn
1125 2715 1210 2753 rerum
1226 2708 1323 2753 aueto-

245 2807 308 2854 rem,
327 2793 369 2862 qui
388 2791 538 2846 accedentes
556 2789 589 2842 ad
606 2802 634 2842 ae
651 2792 703 2844 vita
720 2798 825 2842 aeterna
842 2795 999 2852 remuneret,
1017 2787 1147 2856 improbos
1164 2793 1190 2838 et
1208 2785 1321 2839 rebelles

245 2881 357 2930 aeternis
375 2877 504 2947 suppliciis
521 2879 548 2929 in
566 2876 616 2928 alio
634 2876 736 2929 saeculo
751 2875 852 2944 puniat;
871 2872 963 2924 deiude
981 2872 1049 2925 hunc
1066 2874 1150 2941 ipsum
1160 2871 1242 2926 Deum
1261 2888 1321 2926 esse

245 2963 354 3030 Patrem,
372 2972 398 3017 et
409 2963 500 3016 Filium
518 2973 544 3016 et
553 2963 673 3032 Spiritum
690 2979 720 3028 a,
737 2969 788 3014 tres
806 2959 908 3030 quidam
926 2973 1057 3028 personas,
1076 2959 1121 3012 sed
1140 2975 1221 3012 uuum
1233 2958 1321 3012 Deum

245 3065 350 3116 verum3
374 3058 506 3119 practerea
528 3049 620 3102 Filium
638 3049 700 3112 Dei,
723 3056 826 3117 propter
849 3045 1017 3116 reparandam
1040 3044 1147 3098 salutem
1172 3044 1321 3108 hominnm,

245 3135 340 3187 iactum
363 3135 488 3188 bominem
512 3152 544 3188 ex
562 3136 664 3206 Virgine
682 3134 772 3200 biania,
795 3150 842 3204 pro
860 3133 932 3186 nobis
950 3147 1054 3202 passum
1076 3139 1102 3182 et
1119 3137 1263 3194 mortuum,
1286 3145 1322 3182 ae

245 3221 346 3275 tandem
364 3223 540 3287 resurrexisse,
557 3230 583 3274 et
596 3238 702 3293 regnare
720 3223 745 3273 in
760 3229 903 3286 aeternum
922 3219 989 3270 hunc
1007 3232 1064 3269 esse
1074 3212 1161 3267 iesum
1176 3213 1322 3282 Christum,

245 3307 380 3365 Dominum
399 3318 424 3362 et
442 3308 596 3362 Salvatorenr
614 3317 740 3373 nostrum,
758 3315 885 3376 postremo
900 3306 1028 3358 nemiuem
1042 3317 1116 3372 posse
1135 3316 1191 3354 esse
1205 3301 1322 3368 mirum,

244 3395 294 3448 nisi
311 3396 400 3449 eredat
416 3398 443 3448 iu
460 3393 548 3448 iesum
566 3395 709 3459 Christum,
733 3401 758 3445 et
775 3395 907 3461 poenitens
924 3390 957 3442 do
975 3390 1085 3458 peccatis
1103 3390 1247 3441 commissis
1265 3387 1320 3440 Sa-

199 3535 205 3544 ,
243 3491 371 3534 eramenta
388 3484 466 3551 ipsius
484 3483 618 3552 suscipiat;
642 3479 797 3550 baptismatis
814 3479 925 3549 quidem,
942 3478 963 3528 si
980 3475 1088 3528 infidelis
1106 3477 1151 3528 sit:
1170 3473 1321 3526 confessio·

243 3569 285 3620 nia
303 3577 396 3630 autern
414 3573 436 3622 ai
454 3570 540 3640 lapsus
558 3571 590 3622 sit
607 3576 664 3637 post
681 3567 846 3636 baptismum3
865 3581 895 3616 ac
913 3561 1022 3632 denique
1039 3569 1133 3614 statuat
1151 3576 1182 3613 ea
1199 3573 1321 3622 servare,

244 3669 310 3724 quae
327 3653 395 3707 Deus
414 3663 439 3708 et
455 3655 571 3708 Ecclesia
588 3669 609 3706 a.
627 3654 795 3722 praecipiunt,
819 3666 926 3721 quorum
945 3665 1042 3702 summa
1061 3657 1109 3716 est,
1128 3653 1155 3700 ut
1171 3644 1255 3699 ileum
1274 3643 1320 3697 di·

243 3739 305 3810 ligat
322 3757 399 3809 super
416 3743 516 3806 omnia,
535 3749 561 3793 et
579 3741 718 3809 proximum
736 3739 800 3790 sicut
817 3739 957 3806 seipsum.“
978 3735 995 3788 l.
1014 3751 1036 3788 c.

201 3823 225 3892 ¹)
241 3825 290 3880 llit
308 3825 394 3893 llum,
419 3826 498 3881 Cone.
515 3825 582 3879 Trid.
601 3841 662 3880 sess.
679 3825 722 3878 24.
745 3823 778 3876 de
795 3824 841 3877 ref.
858 3825 966 3876 matrim.
985 3837 1007 3874 o.
1027 3820 1050 3875 1.
1079 3819 1141 3874 lust.
1159 3823 1224 3890 past.
1241 3816 1320 3887 nysa
1379 3793 1380 3852 Ῑ

202 3997 226 4068 ³)
242 3914 394 4064 Eumeda
412 4001 439 4052 in
462 4014 493 4052 eo
516 3999 699 4066 (matrimonio)
723 4004 792 4050 recte
810 4003 837 4046 et
862 3993 1000 4048 christiane
1022 3993 1170 4048 conversari
1192 3991 1318 4058 debeam,

244 4084 377 4154 dssipemm
394 4083 541 4156 (conjuges)
559 4087 715 4139 iuauuautur
732 4097 764 4136 ex
781 4080 868 4138 duint
883 4080 1023 4151 Scriptura,
1041 4078 1157 4150 exemplo
1175 4077 1269 4134 Tobiae
1285 4083 1317 4130 at
