2742 4660
406 876 782 978 Tnaoiaius
810 876 859 973 Ι.

116 1051 158 1136 iic
186 1053 423 1160 nutrinuuiu,
464 1051 610 1164 citusque
641 1053 896 1164 inpedimentis
935 1053 971 1138 iu
1003 1073 1148 1162 genere.

435 1427 438 1432 -
526 1371 680 1456 Sectio
707 1373 741 1454 1.

134 1510 185 1584 Dc
207 1513 422 1584 mairiumm'u
450 1512 492 1598 1)
521 1514 704 1584 secundum
730 1535 781 1593 rc„
810 1512 853 1600 2)
881 1518 1049 1608 quotenne
1077 1515 1130 1580 cut

494 1632 765 1704 Sacramentum.

580 1785 683 1793 ...n——

560 1869 661 1968 Caput
688 1869 715 1944 Ι.

292 2015 348 2086 De
375 2018 634 2088 matrimonio
664 2015 882 2088 secuudum
911 2037 964 2088 se.

591 2191 617 2258 S.
645 2181 670 2246 i.

327 2299 491 2362 Definitio
510 2317 550 2362 ac
568 2299 692 2360 divisio
711 2301 933 2362 matrimonii.
953 2285 957 2294 ’

148 2443 169 2508 l.
197 2443 440 2519 Matrimonium,
464 2446 551 2526 juxta
578 2461 768 2508 communem
796 2441 1016 2525 theologorum
1045 2440 1198 2504 definitio-

77 2562 149 2624 nem,
172 2552 290 2610 cst-viri
313 2565 350 2612 ec
371 2548 507 2612 mulieris
530 2547 673 2612 maritalis
695 2565 750 2610 ceu
773 2545 904 2608 seruulis
928 2546 1099 2626 conjunctio
1120 2548 1199 2605 inter

77 2647 210 2729 legitimas
243 2668 389 2731 personas
418 2650 600 2716 individuam
629 2654 722 2713 vitae·
739 2647 984 2712 consuetudinem
1016 2651 1159 2710 retinens.
1173 2647 1198 2722 ¹)

74 2748 286 2822 Matrimonium
317 2754 426 2835 duplici
455 2771 545 2818 semu
573 2758 667 2835 accipi
697 2759 812 2834 potest,
847 2753 878 2830 i)
902 2771 956 2835 pro
983 2751 1090 2814 actuali
1122 2768 1201 2811 cou-

72 2857 171 2935 tructu,
202 2863 237 2920 in
270 2875 330 2938 quo
357 2857 510 2941 legitimae
541 2875 688 2937 personae
718 2875 868 2920 consensu
891 2856 991 2918 verbis
1019 2873 1074 2918 seu
1104 2857 1201 2938 siguis

73 3007 270 3026 -u—t—ssss·

96 3110 115 3174 ¹]
132 3109 285 3163 Gereonium.
300 3111 370 3164 Rom.
390 3127 414 3182 p.
432 3111 463 3165 ii.
483 3129 504 3163 c.
524 3111 547 3164 8.
567 3127 590 3181 q.
609 3113 633 3164 3.
653 3143 686 3150 -
705 3111 806 3165 Gouual.
825 3109 907 3179 Telly:
927 3109 1061 3164 Sciendum
1081 3119 1127 3175 est,
1147 3127 1202 3162 mu-

130 3200 279 3249 trimouiurn
307 3197 374 3266 quod
403 3198 506 3252 humaui
537 3200 637 3267 generis
665 3195 821 3267 procreabile
851 3197 1039 3249 Sacramentum
1065 3197 1202 3265 appellavit

130 3282 299 3336 Cuseiodorus
319 3292 344 3336 at
361 3283 463 3336 Tartuli.
481 3284 541 3335 dicit
559 3284 719 3336 matteum
736 3302 751 3336 a
767 3283 881 3348 Domino,
901 3293 926 3335 ct
943 3285 1031 3353 generi
1049 3283 1160 3335 humano
1178 3292 1202 3333 et

130 3368 256 3444 replendo
281 3369 336 3422 orbi
362 3379 386 3422 et
405 3370 551 3425 instruendo
575 3371 676 3424 sacculo
700 3373 883 3439 excogitatum,
906 3372 976 3423 uarie
992 3369 1129 3438 appellari3
1155 3369 1203 3418 uii-

130 3455 232 3522 quando
254 3455 347 3506 dicitur
364 3457 521 3526 conjugium,
539 3456 687 3526 plerumque
704 3460 815 3526 nupdae,
834 3457 991 3526 frequentius
1009 3456 1203 3508 matrimonium.
1221 3467 1224 3474 ’

129 3539 285 3612 Ccnjugium
305 3539 459 3609 appellatur,
482 3544 600 3610 quiu'vir
618 3551 643 3592 et
661 3559 723 3594 uxor
741 3542 829 3594 codem
845 3541 909 3611 jugo
927 3541 1131 3608 conjungentem
1154 3555 1204 3590 uu·

129 3630 195 3693 ptiae
214 3628 339 3679 dicuutur
357 3643 371 3678 a
390 3626 467 3678 verbo
484 3629 564 3692 nudo,
588 3628 655 3697 quod
674 3630 799 3697 siguificat
817 3628 918 3692 velare,
943 3627 982 3678 vel
1006 3627 1121 3691 operire,
1144 3628 1202 3693 quia

130 3719 367 3775 commacerat,
392 3713 521 3765 mulierem
547 3724 682 3783 nupturam
707 3731 757 3765 nou
782 3717 831 3766 uisi
856 3714 941 3766 veluto
965 3721 990 3764 et
1013 3719 1100 3779 operto
1123 3713 1204 3778 capita

129 3800 159 3850 ad
183 3799 417 3852 demonstrandam
437 3792 629 3866 verecundiam,
656 3817 722 3870 quae
746 3801 879 3870 pudicitiae
897 3814 981 3852 centes
1006 3798 1136 3864 fomesque
1155 3805 1202 3857 eat,

128 3885 152 3936 in
171 3886 281 3954 publico
305 3903 443 3955 apparere3
468 3889 651 3940 matrimonium
676 3895 758 3938 autem
784 3886 873 3938 dicitur
893 3884 964 3951 juxta
983 3883 1007 3934 d.
1025 3882 1146 3951 August,
1171 3895 1202 3930 co

129 3971 194 4040 quod
214 3989 270 4024 non
292 3971 324 4023 ob
343 3972 410 4024 aliud
430 3973 520 4025 debeat
542 3973 635 4026 femina
654 3972 764 4036 nubere,
788 3988 863 4042 quam
883 3979 909 4021 ut
927 3955 1005 4022 mater
1024 3969 1092 4020 fiat.⁸‘
1118 3965 1158 4016 lib.
1176 3965 1202 4014 d.

129 4058 163 4107 nr.
184 4058 255 4109 iso.
276 4057 302 4108 9.
513 4055 515 4062 ’

105 4159 135 4200 Dc
148 4162 309 4205 matrimonio.
981 4142 996 4206 Ῑ
