2742 4660
319 240 357 294 De
375 242 547 307 matrimonio,
566 250 689 312 quatenus
706 251 744 298 eat
763 242 961 300 Sacramentum.
1200 227 1220 298 9
1259 223 1268 230 ”

165 399 214 466 iv.
238 399 350 480 „Quod
373 418 445 462 vero
468 419 485 461 a
508 400 638 466 Domino
660 402 771 464 dlcturn
794 409 855 465 est:
880 403 1038 482 „Crescite
1061 409 1091 464 et
1115 403 1220 468 multi-

79 505 252 587 plicamini‘
281 509 401 587 (genos.
428 499 462 581 l,
493 501 579 579 28.)‚
610 503 641 564 ιιι
664 523 701 568 eo
730 511 855 585 spectat,
889 511 920 568 nt
948 508 1033 587 cujus
1062 511 1106 568 rei
1130 525 1219 570 canan

80 611 301 680 matrimonium
324 611 491 670 institutum
515 613 592 685 erat,
625 607 773 688 declaret,
799 627 859 672 non
884 615 916 671 ιιι
938 609 1065 692 singulis
1088 609 1221 673 homini·

79 713 136 774 bus
158 715 367 774 necessilatem
385 714 534 790 imponal3
558 729 637 794 nunc
654 716 745 790 enlm,
769 718 855 774 aucto
866 713 928 792 jam
945 710 1073 776 humano
1094 733 1220 796 genere,

81 833 141 878 non
164 815 261 880 solum
279 814 337 878 ulla
360 814 412 876 lex
432 831 559 876 uxorem
576 813 688 876 ducere
701 815 831 896 aliquem
854 833 915 877 non
935 819 1026 898 cogit,
1051 816 1104 878 sec
1122 821 1221 898 polius
1293 805 1294 808 '

81 923 240 1002 virginitas
262 935 451 998 sumrnoperc
474 916 708 997 commendatur,
733 917 939 1000 clunicuique
962 923 993 980 in
1015 925 1108 983 sacris
1131 922 1217 983 litte-

80 1027 123 1086 ris
146 1021 296 1096 suadetur,
321 1027 354 1084 ul
375 1037 453 1102 qnae
477 1025 655 1085 matrimonii
679 1026 758 1084 stalu
774 1025 972 1101 praestantior
994 1028 1033 1084 sit
1056 1024 1221 1104 majorem-

81 1128 195 1206 quein
218 1142 252 1187 se
273 1125 487 1203 perlectionem
512 1130 543 1184 et
565 1128 750 1186 sanctitatem
774 1128 960 1188 contineal.“
975 1125 998 1200 ¹)
1039 1124 1067 1188 S.
1092 1125 1221 1187 Thomas

82 1228 169 1290 dicit:
205 1227 422 1306 „Praeceptum
445 1227 547 1288 datum
576 1227 832 1310 degeneratione
856 1233 978 1308 respicit
1002 1233 1093 1291 lotam
1118 1229 1222 1290 miulti-

81 1331 216 1394 tudinem
240 1330 404 1409 hominum,
429 1335 476 1392 cui
499 1335 703 1392 necessarlum
727 1337 781 1407 cst,
806 1349 866 1395 non
888 1332 985 1394 solum
1008 1332 1088 1412 quod
1112 1333 1219 1398 mulli-

83 1435 213 1515 plicetnr
235 1435 438 1514 corporaliter,
462 1435 517 1496 sed
539 1438 648 1511 etiarn,
679 1433 759 1514 quod
782 1435 975 1514 spiritualiter
997 1435 1141 1516 proficiat.
1186 1434 1223 1496 lit

81 1537 152 1600 ideo
174 1535 361 1600 sufficienler
383 1537 557 1618 providetur
573 1535 720 1600 humanae
743 1537 933 1616 multitudini,
959 1542 985 1600 si
1004 1539 1124 1618 quidam
1148 1557 1219 1600 car·-

81 1642 143 1704 nuli
165 1643 353 1724 generationi
376 1659 498 1722 operam
522 1640 608 1715 denl;
638 1641 757 1722 quidam
781 1659 854 1703 vero
877 1641 914 1702 ab
946 1640 1000 1704 lrac
1022 1641 1218 1720 abstinentes,

82 1742 328 1822 contemplationi
346 1742 516 1806 divinorum
535 1751 644 1808 vacent
665 1746 810 1808 adtollas
833 1749 954 1826 generis
970 1744 1219 1825 pulchritudinem

83 1852 114 1908 ct
138 1845 302 1910 salutem.“
326 1845 445 1910 Summa
469 1846 498 1910 2,
522 1847 551 1912 2.
576 1866 603 1927 q.
631 1847 700 1911 152.
725 1868 751 1912 a.
777 1845 842 1923 2²)

562 2069 665 2166 Gapul
692 2069 736 2146 ll.

119 2204 177 2296 De
205 2225 489 2316 matrimonio,
517 2235 728 2320 quatenus
756 2236 820 2298 est
846 2221 1183 2300 Sacramentum.
1287 2320 1288 2324 Ἴ

634 2444 639 2456 .
663 2392 692 2457 4.

380 2501 432 2562 De
451 2401 676 2563 Sacrameffito
695 2501 919 2561 matrimonii.

170 2629 192 2692 l.
216 2631 436 2699 Matrimonium
459 2604 646 2710 contractum
674 2638 752 2696 inter
775 2633 878 2696 lidcles
905 2652 960 2696 scu
983 2633 1148 2714 baptizatos
1175 2639 1222 2696 est

77 2755 188 2799 verum
213 2735 436 2800 Sacramentum
465 2738 670 2822 novaelegis.
718 2737 782 2800 Hoc
812 2745 858 2800 est
881 2737 918 2799 de
942 2735 1015 2814 lide,
1048 2755 1086 2798 cx
1110 2735 1221 2798 delini-

79 2846 164 2910 tione
188 2837 276 2904 Oonc.
301 2841 378 2904 Flor.
407 2845 439 2904 in
466 2841 578 2932 decret.
603 2841 728 2904 Unionls
751 2848 779 2916 §.
803 2839 833 2904 5.
863 2845 893 2902 et
915 2840 1046 2904 Trident.
1070 2857 1145 2903 sess.
1168 2837 1220 2904 24.

78 3000 289 3011 .——-·-·—---

108 3082 131 3148 ³)
151 3080 365 3132 circationem.
391 3099 414 3150 q.
435 3081 474 3133 la.
494 3081 508 3132 l.
529 3099 550 3133 c.
582 3081 668 3134 Matth.
689 3080 735 3144 lc,
760 3083 783 3134 2.
818 3079 908 3133 lCor.
928 3082 959 3145 7,
984 3082 1024 3134 25.
1059 3079 1220 3132 Conelrid.

149 3181 213 3220 acra.
233 3167 274 3218 at.
293 3166 359 3220 doct.
379 3168 411 3218 de
428 3183 492 3220 sacr.
512 3175 584 3220 malr.
603 3184 692 3220 canon.
714 3167 753 3220 lc.

106 3255 130 3320 ²)
148 3253 188 3306 Er
206 3251 296 3306 Pontii.
307 3253 383 3320 praei.
401 3256 426 3304 in
439 3253 533 3305 tcum.
544 3254 610 3321 virg.
624 3261 710 3308 notatu
729 3253 818 3321 digna:
839 3253 945 3316 „liliosa
963 3269 1072 3322 namque
1091 3255 1115 3304 in
1130 3269 1221 3303 omnes

148 3347 241 3408 gentes
257 3341 338 3407 gratia
354 3347 414 3402 tua,
437 3341 553 3392 exomni
572 3341 689 3403 natiuae,
712 3356 777 3408 quaa
800 3339 848 3391 auh
872 3341 944 3392 coelo
962 3349 1019 3404 eat,
1044 3341 1070 3390 in
1093 3338 1221 3390 stellarum

147 3441 282 3481 uulnerum
307 3429 366 3478 novi
389 3425 541 3476 Testamenti
568 3426 720 3478 haeredibus
744 3427 868 3495 adoptatis
895 3430 961 3480 iuter
986 3439 1083 3480 celeras
1103 3428 1218 3488 uirtutes,

148 3529 212 3582 quaa
230 3512 287 3566 tillia
305 3513 364 3574 tuis,
382 3528 433 3563 non
451 3529 483 3563 ex
500 3513 682 3580 sanguinibus,
699 3530 783 3583 neque
801 3531 831 3564 cx
849 3514 980 3566 voluntale
997 3517 1097 3576 carnia,
1124 3513 1169 3564 aed
1188 3513 1220 3563 clo

148 3600 243 3666 Spiritu
262 3605 350 3651 sancto
369 3605 412 3650 tuo
429 3599 520 3666 genitia
539 3598 665 3659 indidisti,
684 3603 759 3652 etiam
778 3600 826 3650 hoo
845 3601 938 3652 donum
957 3603 983 3652 in
1002 3599 1123 3670 quasdam
1144 3615 1219 3648 men-

126 3694 186 3738 tce
201 3684 236 3736 ale
253 3684 376 3752 largitatis
394 3693 452 3736 tuae
471 3685 541 3736 sonte
559 3684 677 3749 defluxit,
700 3695 742 3748 ut,
761 3704 817 3738 cum
836 3687 956 3738 honorem
974 3689 1126 3753 nuptialem
1144 3684 1218 3734 nulla

149 3770 285 3824 interdicta
304 3772 466 3833 minuissent,
489 3787 519 3822 ac
537 3787 614 3837 snper
632 3780 747 3822 sanctum
766 3774 910 3842 conjuginm
934 3773 1052 3840 nuptialis
1077 3770 1220 3820 benedictio
1237 3795 1240 3806 ·

147 3863 317 3925 permaneret,
337 3858 473 3908 existerent
483 3863 567 3908 lamen
585 3858 747 3910 sublimiores
765 3860 874 3923 animae,
892 3875 958 3928 quae
976 3861 1002 3908 io
1015 3859 1062 3908 viri
1082 3872 1111 3906 ac
1128 3855 1219 3906 mulie-

146 3947 181 3994 ris
200 3942 291 4010 capula
310 3941 452 3994 lastidircnt
476 3944 647 4006 connubium,
672 3953 696 3994 et
714 3948 923 4012 concupiscerent
940 3945 1145 4003 Sacramentum,
1171 3957 1219 3992 nec

146 4031 305 4089 imitarentur
318 4027 384 4106 quod
397 4031 491 4098 nuptiis
503 4033 595 4104 agitur,
613 4030 658 4080 sed
669 4030 816 4098 diligerent,
831 4032 897 4105 quod
908 4033 1006 4102 nuptiis
1014 4031 1215 4098 praetactotitr.“
