2736 4660
169 185 233 283 scs
581 229 882 288 mammone

169 395 199 452 et
220 387 361 453 Marthae.
404 386 522 452 Obcant
544 385 632 470 Caius
660 391 690 448 et
710 383 835 468 llartha.
880 387 1053 464 Quaeritur,
1083 405 1121 452 an
1143 388 1250 452 Petrus
1275 395 1303 452 et

168 492 256 558 Beria
277 492 396 556 valeant
419 495 642 555 matrimonium
664 488 865 554 contrahere?

254 596 342 677 Resp.
370 597 527 674 nepetino,
560 597 630 676 qula
653 593 746 656 simul
777 599 847 656 sunt
875 593 1053 658 adulterium
1084 600 1115 657 et
1144 594 1302 677 promissio

168 698 293 762 durante
316 697 422 761 eodem
446 701 651 776 matrimoni03
680 697 737 759 luit
758 696 937 760 adulterium
961 705 991 760 et
1013 698 1133 780 quidem
1166 699 1301 779 formale,

168 809 200 866 ut
222 807 415 883 supponitur,
442 801 522 884 quod
546 818 605 863 non
627 799 743 861 tollitur
765 817 818 879 per
842 805 1062 865 matrimonium
1085 821 1153 864 curn
1176 802 1305 877 llartha3

169 905 223 968 luit
244 909 403 986 promissio
428 907 607 968 matrimonii
631 919 692 964 non
715 907 874 967 retractata
897 922 950 986 per
966 905 1069 983 verba,
1093 905 1142 966 vel
1165 923 1220 985 per
1242 905 1313 966 tac-¹

169 1016 240 1086 turn,
265 1027 353 1088 quae,
377 1011 442 1070 sive
464 1007 639 1088 praecedat,
664 1008 729 1066 sive
752 1006 951 1087 subsequatur
973 1007 1166 1086 adulterium,
1197 1007 1307 1070 sufficit

168 1111 204 1175 ad
225 1110 470 1192 impedimentum
497 1109 713 1182 inducendum3
744 1108 824 1170 unde
847 1111 936 1172 simul
964 1109 1098 1190 luerunt,
1131 1117 1162 1174 et
1186 1111 1319 1194 quidenn¹

167 1215 293 1280 durante
315 1214 423 1278 eodem
447 1216 648 1290 matrimonio,
672 1212 778 1275 Bartae
797 1212 912 1276 scilicet
935 1232 1001 1275 cum
1019 1213 1100 1296 (iujo,
1126 1233 1228 1296 eoque
1252 1215 1307 1278 ob-

170 1323 230 1382 stet
251 1317 498 1400 impedimentum
521 1320 665 1378 criminis.
679 1314 702 1390 ¹)
1022 1399 1024 1402 Α

254 1421 289 1500 3)
312 1421 431 1498 Petrus,
463 1420 553 1497 liber,
585 1417 763 1482 adulterium
795 1423 952 1480 committit
979 1438 1046 1481 cum
1075 1419 1180 1498 Beata,
1214 1401 1308 1484 uxore

168 1525 230 1608 Gaji
239 1545 249 1601 3
279 1528 382 1606 postea
404 1527 468 1604 ipse
499 1525 719 1584 matrimonium
743 1525 797 1583 init
827 1540 894 1584 cum
917 1520 1022 1599 Anna,
1054 1524 1108 1586 sed
1133 1543 1196 1586 non
1220 1525 1307 1586 valde

168 1645 271 1692 amans
294 1629 397 1688 uxoris
419 1643 503 1704 suae,
527 1629 671 1707 promittit
687 1624 805 1702 Bartae,
829 1626 914 1708 cujus
939 1629 1061 1689 maritus
1083 1631 1199 1702 interea
1221 1629 1308 1690 oble·
1357 1629 1360 1634 ”

167 1737 220 1809 rat,
245 1748 278 1794 se
302 1733 523 1791 matrimonium
545 1747 613 1790 cum
635 1732 699 1808 ipsa
720 1733 941 1792 contracturum
961 1746 1039 1806 esse,
1063 1734 1087 1792 si
1105 1731 1194 1795 Anna
1218 1731 1308 1793 luerit
1359 1785 1360 1806 ,

134 1869 136 1875 ·
168 1840 293 1898 mortua.
317 1832 485 1910 Quaeritur,
510 1850 558 1902 an,
584 1837 700 1894 mortua
717 1831 814 1910 Anna,
839 1831 944 1894 Petrus
967 1837 997 1894 et
1017 1831 1104 1894 Beria
1127 1831 1308 1912 contrahere

170 1939 291 2002 valeant
314 1935 557 2000 matrimonium?

165 2095 170 2100 .
252 2040 340 2120 Resp.
363 2038 560 2120 affunmtioc.
604 2037 690 2100 Ratio
713 2043 769 2116 est,
798 2042 866 2118 quia
889 2036 1066 2102 adulterium
1090 2045 1120 2098 et
1143 2044 1304 2118 promissio

166 2161 227 2206 uon
250 2142 371 2204 luerunt
392 2142 499 2221 simul,
533 2139 640 2202 eodem
670 2141 796 2205 durante
825 2145 1030 2216 matrimoni03
1065 2161 1142 2227 nam,
1159 2148 1305 2222 tempore,

165 2264 225 2328 quo
248 2245 426 2310 adulterium
449 2248 642 2308 commissum
665 2249 721 2322 est,
746 2243 851 2306 Petrus
874 2243 1005 2305 nondum
1028 2249 1093 2306 erat
1114 2249 1307 2308 matrimonio

164 2349 363 2432 conjugatus3
391 2355 439 2428 et,
467 2347 586 2430 quando
609 2351 768 2429 promissio
796 2346 864 2410 data
893 2353 954 2424 est,
985 2345 1073 2409 Beria
1095 2366 1155 2410 non
1181 2349 1308 2429 amplius
1359 2377 1360 2382 κ

166 2459 231 2516 erat
252 2457 284 2516 in
307 2457 512 2528 rnatrlmcni03
535 2451 638 2526 aliter,
660 2454 685 2512 si
709 2450 812 2512 Petrus
836 2454 926 2514 etiarn
945 2450 1008 2530 jam
1032 2457 1178 2513 uxoratus
1202 2450 1310 2514 luisset

166 2561 301 2636 tempore
324 2555 462 2618 adulterii
470 2575 478 2629 3
502 2557 571 2636 quia
593 2557 626 2615 in
647 2552 705 2616 hoc
727 2572 798 2618 casu
818 2552 993 2622 adulterium
1017 2558 1046 2614 et
1069 2558 1234 2634 promissio
1247 2545 1308 2616 'in-

164 2659 254 2722 simul
281 2658 406 2722 fuissent
437 2656 544 2722 eodem
573 2656 701 2721 durante
729 2659 935 2733 matrimonio,
969 2674 1076 2738 nempe
1108 2662 1303 2720 matrimonio

165 2761 245 2826 Petri
267 2779 334 2826 curn
356 2757 489 2840 Anna.¹)

621 2973 735 3038 Casus
758 2969 846 3038 XLII.

441 3123 611 3187 Affinitas.
635 3125 789 3200 Orimem
810 3125 1033 3202 dispensatio.

252 3286 326 3352 Cum
356 3286 405 3352 dle
431 3283 478 3350 11.
502 3284 577 3350 Nov.
602 3280 685 3350 1710
714 3304 754 3348 ex
783 3284 837 3351 hac
859 3289 921 3349 vita
950 3290 1111 3370 migrasset
1132 3284 1306 3366 Camarina,
1359 3311 1360 3328 ι

166 3411 243 3456 uxor
264 3391 363 3456 Amici
387 3389 425 3452 de
439 3388 595 3468 Federloo‚
617 3389 758 3468 idemque
777 3393 962 3470 exoptasset,
986 3389 1023 3453 ad
1046 3390 1104 3452 alia
1118 3395 1197 3453 -vota
1223 3397 1309 3454 tran-

164 3500 227 3560 sire
249 3513 318 3558 cum
340 3493 476 3556 Beatrice
499 3491 537 3554 de
559 3491 639 3556 Luce
658 3493 769 3556 lernae
792 3491 821 3558 S.
845 3492 1017 3570 Anatoliac‚
1048 3493 1213 3557 Dioecesis
1228 3493 1307 3556 Rea-
1359 3565 1360 3574 ἵ

166 3603 256 3678 tinae,
286 3615 441 3662 recursum
463 3595 565 3660 habuit
587 3593 625 3658 ad
646 3613 670 3660 s.
694 3594 956 3660 Paenitentiariam
978 3613 1034 3678 pro
1056 3595 1220 3676 obtinenda
1243 3596 1308 3659 dis-

166 3706 344 3792 pensatione
376 3719 467 3782 super
498 3689 712 3782 impedimento
745 3697 898 3765 allinitatis
931 3717 972 3763 ex
1002 3698 1133 3780 copula,
1174 3716 1215 3760 ex
1250 3716 1309 3781 quo
1359 3773 1360 3786 χ

195 3933 217 4000 ¹)
238 3931 318 3985 Casus
337 3931 480 3985 Conscient.
498 3927 592 3982 Beued.
612 3927 677 3982 xiv.
695 3929 745 3984 vol.
761 3930 788 3988 i.
805 3945 832 4002 p.
851 3929 895 3983 08,

195 4020 218 4085 ²)
237 4017 317 4072 Casus
336 4015 426 4071 Conso.
444 4017 461 4070 l.
480 4032 503 4070 e.
723 4025 727 4034 ⁴
1002 4015 1009 4032 -.
