2758 4664
540 221 578 276 lle
596 219 687 278 Gensis
704 219 940 276 unumunurn

184 391 189 400 ·
257 378 311 442 sed
333 381 364 441 in
385 377 458 458 soro
481 387 625 460 esterno,
649 387 683 442 ui
704 381 888 464 dispensatio
910 381 1082 444 obtineatur
1102 393 1199 462 super
1220 382 1318 462 primo

182 505 186 515 ¹
232 532 234 538 .
257 482 350 566 gradu
372 481 524 548 aliiniiatis
546 501 586 546 ex
600 485 707 567 copule
725 486 834 548 illicita
854 492 949 564 oriae,
973 503 1034 550 non
1051 483 1163 548 sullleit
1180 482 1319 565 allegare

182 609 184 614 ·
255 586 407 649 insanum
440 587 591 667 mulieris,
626 605 666 649 ex
696 589 803 668 copula
835 588 995 670 propabilia
1026 593 1256 670 assurgentem,
1291 589 1321 644 ct

255 694 359 772 gravia
382 690 535 769 scandala,
568 694 625 753 nisi
648 691 853 773 dispensetur,
883 691 937 754 sed
959 690 1028 752 addi
1050 691 1155 769 debet,
1191 693 1319 768 utrique
1373 701 1374 726 i

181 817 185 828 ·
258 791 375 856 Oratnri
398 794 472 855 alins
494 797 574 855 viinc
596 795 762 875 perieulum
785 771 952 856 imminere.
965 793 992 869 1)

179 907 210 934 ‘-
253 895 372 979 Excipit
393 895 605 975 llclllenstuel,
635 900 662 958 sl
685 915 740 976 pro
762 915 837 959 vere
857 897 1015 960 Nobilibus
1043 897 1225 960 sollicitetur
1250 893 1318 956 dis-

169 1005 320 1078 pensati03
343 1019 410 1062 nam
433 1019 488 1081 pro
512 999 556 1062 bis
579 999 692 1081 absque
714 1000 770 1062 boc
792 1000 892 1064 addito
915 1001 1043 1064 obtineri
1066 1007 1166 1082 polest
1183 999 1317 1078 dispen-

168 1091 245 1164 satio
262 1120 301 1164 ex
317 1106 355 1164 iis
368 1109 477 1179 causis,
493 1102 531 1165 ob
545 1121 620 1186 quas
637 1104 801 1186 dispensari
816 1110 915 1185 polest
930 1111 960 1166 et
977 1104 1054 1168 solet
1071 1121 1163 1185 super
1177 1100 1317 1164 secundo

168 1204 266 1298 gradu
288 1211 621 1292 consanguinitatis-
637 1206 787 1272 Corradus
812 1214 910 1270 tamen
932 1207 1024 1286 addit,
1047 1207 1125 1272 bene
1148 1223 1221 1268 esse
1246 1208 1318 1267 eni-

170 1307 425 1385 nredverlendum.
451 1311 530 1392 quod
553 1327 644 1392 super
666 1305 809 1372 allinilnie
832 1327 872 1374 ex
887 1317 955 1374 actu
978 1309 1140 1372 fornicario
1158 1327 1223 1372 non
1248 1312 1316 1370 sine

166 1416 296 1504 maxima
326 1413 499 1480 difficultate
528 1413 616 1480 datur
645 1411 843 1498 dispensatio,
876 1419 901 1476 si
930 1415 1038 1478 mulier
1060 1417 1157 1496 primo
1187 1416 1315 1495 cognita

70 1556 75 1572 ι
168 1507 296 1601 χήνει’)

193 1617 231 1698 l)
255 1619 288 1682 ln
311 1625 406 1700 primo
428 1619 522 1702 gradu
546 1618 698 1684 allinitolls
721 1618 818 1682 lineae
841 1626 1032 1683 transversae
1056 1639 1094 1682 ex
1116 1623 1314 1682 matrimonio

251 1728 346 1803 ortae,
371 1728 404 1786 ui
421 1728 488 1804 quis
507 1723 618 1786 ducere
636 1728 729 1802 possit
751 1739 888 1786 sororem
906 1729 1009 1787 uxoris
1026 1723 1199 1801 defunctae,
1220 1723 1313 1804 juxta

176 1902 180 1910 ι
249 1831 389 1890 auctores
416 1844 484 1890 curn
507 1831 643 1908 personis
667 1827 850 1911 Principibus
878 1829 1023 1908 saepius,
1055 1845 1122 1888 cum
1146 1825 1311 1888 Nobilibus

176 2005 178 2012 p
249 1935 280 1993 et
303 1929 470 1992 illustribus
492 1934 610 1992 nonnisi
631 1949 719 2010 roro,
742 1949 810 1994 eum
832 1931 958 2014 reliquis
983 1931 1147 1994 rarissime
1170 1927 1306 2010 dispen-

174 2098 178 2106 .
248 2023 331 2096 satur
351 2038 382 2095 in
404 2031 470 2096 loro
492 2037 628 2098 externo.

249 2135 370 2199 Certum
392 2142 448 2216 esi,
472 2140 504 2198 ln
526 2139 683 2216 perpaucis
703 2139 818 2200 tantum
841 2137 960 2199 casibus
981 2133 1150 2218 hujusmodi
1176 2134 1310 2215 dispen-

52 2309 57 2316 ,
162 2243 309 2324 salionem
333 2257 507 2304 concessam
538 2255 606 2300 osse
629 2243 698 2300 ante
722 2237 876 2300 dimidium
907 2239 1018 2304 saeculi
1050 2237 1158 2300 decimi
1196 2244 1300 2302 octavi

161 2362 339 2430 quamquam
368 2349 448 2408 enim
475 2344 595 2427 longius
617 2341 727 2424 ambigi
757 2359 818 2404 non
847 2348 958 2424 polest,
989 2337 1140 2403 affinitatis
1168 2341 1308 2424 impedi-

160 2457 294 2534 mentum
316 2453 348 2512 in
370 2454 465 2530 primo
494 2445 590 2534 gradu
617 2443 770 2512 allinllotis
797 2446 896 2508 lineae
925 2450 1113 2506 transversae
1141 2461 1204 2506 non
1236 2461 1309 2506 esse
1373 2487 1374 2498 a

162 2558 260 2616 ortum
284 2552 414 2636 exlege
437 2551 581 2629 naturali,
612 2555 644 2612 ut
665 2549 768 2632 plures
790 2552 975 2632 antiquiores
1004 2551 1217 2624 asseruerunt,
1251 2546 1308 2608 sed

159 2673 199 2722 en
228 2673 309 2716 mora
336 2655 405 2739 lege
435 2655 655 2728 ecclesiastica,
689 2672 725 2715 ao
755 2651 879 2733 proinde
902 2649 1024 2714 Summo
1047 2646 1179 2712 Pontifici
1213 2667 1307 2712 eoru-

158 2763 261 2839 petere
283 2763 461 2841 polestatem
485 2759 615 2840 desuper
631 2754 831 2839 dispensandi,
857 2757 962 2838 negari
986 2759 1085 2816 lamen
1109 2771 1168 2815 non
1191 2759 1305 2838 polest,

159 2861 197 2948 rie
220 2863 276 2924 boc
297 2862 512 2946 impedimento
536 2878 686 2942 nunquam
710 2859 803 2922 insse
826 2857 1030 2940 dispensatum
1053 2861 1124 2918 ante
1146 2855 1305 2928 sacculum

158 2964 307 3044 decimum
328 2969 482 3046 quintum3
504 2969 617 3048 primus
641 2968 723 3026 enirn
743 2965 875 3026 cisonium
893 2959 1039 3025 Martinus
1057 2957 1092 3022 V.
1114 2977 1194 3022 anno
1222 2955 1306 3021 1418

158 3063 236 3149 banc
264 3067 515 3148 dispensationem
546 3071 697 3130 concessit
720 3065 827 3127 Comiti
850 3063 944 3126 Foxio
973 3081 1027 3146 pro
1050 3061 1189 3126 ducenda
1211 3060 1305 3123 vidua

159 3173 205 3233 sui
229 3169 339 3250 fratris,
362 3171 439 3234 filiae
463 3173 547 3234 ducis
570 3163 775 3246 Navarrae3³l
803 3167 931 3232 similem
954 3171 1057 3248 postea
1080 3164 1211 3250 legimus
1236 3163 1304 3226 dis·

161 3305 368 3324 Μ

187 3393 210 3462 ¹)
230 3395 297 3448 illoc.
319 3391 453 3456 delestis,
472 3391 506 3446 lib
525 3393 549 3448 3.
568 3407 590 3445 e.
610 3390 633 3443 1.
652 3407 677 3442 ιι.
698 3391 754 3444 116.
775 3405 815 3458 sp.
834 3386 975 3460 Sebmalzg.
994 3388 1030 3439 lit.
1051 3387 1088 3438 li.
1107 3403 1132 3438 ιι.
1152 3386 1211 3437 112.

187 3481 209 3548 ²)
227 3479 389 3535 Reiffenstuel
408 3477 516 3548 append.
535 3479 559 3544 s.
579 3478 602 3528 3.
621 3493 646 3528 ιι.
666 3476 723 3528 128.
742 3503 777 3514 ·-
795 3471 897 3526 Corrad.
918 3472 959 3524 lib.
978 3475 1002 3524 7.
1021 3488 1043 3523 c.
1062 3473 1085 3524 3.
1104 3489 1129 3524 n.
1149 3475 1210 3528 25..

184 3565 207 3634 ³)
227 3565 266 3620 lb
291 3567 340 3618 hoe
364 3571 472 3636 primum
497 3562 617 3615 Pontifice
635 3561 755 3621 (blentina
774 3559 815 3624 V.)
839 3573 959 3610 concessa
983 3566 1021 3608 est
1044 3557 1144 3609 licentia
1166 3558 1303 3612 ducendae

226 3655 320 3704 suroris
339 3654 428 3721 prioris
447 3649 569 3719 conjugis.
592 3647 621 3698 ld
635 3645 714 3699 Fusio
732 3644 909 3714 indulgebatur
923 3641 1089 3707 inmoderati,
1108 3651 1135 3694 ut
1152 3643 1211 3708 ejus
1229 3647 1302 3712 stirpi

168 3777 172 3786 ,
224 3753 331 3809 regnum
351 3737 479 3789 Navarrne
497 3741 660 3798 asserereturq
688 3744 765 3803 usqne
783 3731 883 3784 obviem
901 3732 979 3784 iretur
996 3727 1105 3784 dissidiis
1122 3738 1148 3782 at
1165 3728 1301 3780 calamita-

222 3825 300 3886 tibus,
318 3830 454 3893 quactum
473 3823 601 3888 ingruunt,
621 3835 679 3872 curn
698 3819 730 3871 de
748 3834 826 3888 regno
844 3818 869 3867 iu
888 3819 1014 3868 incertum
1032 3813 1159 3885 pendente
1177 3821 1298 3864 certator.

172 3913 180 3924 '
223 3909 315 3964 Narrat
332 3916 386 3978 ipse
404 3907 520 3960 Pontilex
537 3904 683 3960 ventilatam
708 3919 891 3974 excussumque
910 3901 984 3969 jusso
1003 3917 1049 3956 suo
1067 3902 1145 3954 inissa
1168 3914 1228 3952 earn
1246 3915 1299 3952 rem

222 3995 255 4050 sb
278 3993 396 4050 omnibus
413 3996 475 4049 uiris
497 4001 549 4046 tote
567 3989 630 4046 orbe
647 3991 857 4056 consultissimis,
880 4003 974 4060 sesque
991 3991 1056 4042 siant
1073 3993 1098 4040 et
1114 3985 1185 4052 tileo,
1210 3988 1255 4058 qni
1273 3987 1298 4038 in
