2742 4660
437 139 474 191 De
492 140 660 202 matrimonio,
679 147 803 209 quatenus
821 147 859 191 ost
876 140 1072 192 Sacramentum.

197 315 335 392 formam,
359 319 378 378 i.
397 333 423 377 e.
442 315 483 394 ld,
506 313 586 396 quod
605 314 793 378 {raditionem
808 315 1009 378 determinant
1024 313 1178 377 ultimatim
1195 319 1225 375 in
1240 333 1329 376 unum

196 417 296 482 finem.
306 414 333 496 ¹)
379 417 551 486 consensus
587 424 705 496 tamen,
743 424 776 480 ut
809 417 990 482 determinet
1017 423 1202 482 contractum
1232 418 1328 498 quoad

196 519 294 582 iorum
318 526 487 599 externum,
511 526 563 584 aut
584 539 639 601 per
659 520 751 584 verba
767 527 818 584 aut
835 539 889 604 per
908 521 965 584 alla
981 525 1067 606 signa
1085 525 1211 602 exprimi
1230 519 1328 598 debet,

196 624 275 686 unde
299 630 396 705 patet,
430 625 554 687 sormam
576 623 665 706 hujus
688 623 872 688 Sacramenti
895 643 956 690 non
978 615 1150 688 necessario
1173 628 1204 686 in
1226 624 1330 686 cerdis

195 731 370 792 consistere.
824 711 827 718 ¹

281 829 330 892 lll.
376 829 421 894 llli
445 830 588 916 'theologi
601 879 611 912 ,
645 837 696 914 qui
719 833 829 896 docent
851 833 1039 896 sacerdotem
1063 848 1132 894 esse
1160 833 1331 892 ministrnm

71 965 75 970 ·
170 1007 172 1010 Α
195 935 379 1000 sacramenti
402 939 601 1014 matrimonii,
625 943 774 1018 reponunt
796 941 949 1000 materiam
972 941 1004 998 iu
1026 953 1176 999 consensu
1201 933 1331 997 naturali

194 1057 372 1120 sponsorum
396 1045 426 1100 et
449 1037 573 1100 formam
595 1043 627 1100 in
649 1039 695 1102 his
717 1041 817 1103 verbis
840 1039 1022 1104 sacerdotis:
1045 1039 1111 1123 Ego
1128 1056 1182 1101 vos
1204 1041 1237 1098 in
1261 1057 1332 1098 ma-

195 1147 367 1206 trimonium
391 1144 552 1227 conjungo,
578 1148 682 1209 autin
705 1143 771 1206 aliis
793 1143 950 1208 similibus.
974 1141 1032 1206 Sed
1055 1142 1129 1204 baec
1151 1145 1254 1222 opinio
1279 1146 1333 1202 vix

193 1244 353 1328 probabilis
377 1245 466 1310 bodie
488 1253 591 1311 vocari
614 1252 733 1328 potest,
766 1266 833 1310 cum
857 1247 951 1310 altera
975 1245 1013 1307 de
1036 1249 1190 1326 ministro,
1215 1249 1248 1306 in
1272 1265 1334 1326 qua

193 1349 353 1428 tundatur,
389 1355 512 1414 omnino
541 1351 713 1414 adversaria
741 1353 780 1412 sit
808 1353 892 1431 praxi
915 1349 1067 1413 Ecclesiae
1090 1367 1126 1410 ac
1148 1349 1276 1430 proinde
1302 1354 1334 1410 in

193 1452 258 1516 dies
281 1458 378 1537 magis
401 1454 581 1518 obsolescat.
604 1488 646 1500 —
669 1453 745 1516 Vide
768 1453 856 1516 intra.

222 1673 245 1739 ¹)
264 1673 381 1736 „Doceat
399 1673 514 1741 Castrop.
533 1673 607 1741 Vasq.
626 1673 696 1726 Ροιιι,
715 1673 791 1742 Gasp.
809 1673 882 1724 llurt.
902 1671 1002 1736 etalii,
1027 1688 1178 1724 consensum
1197 1674 1336 1740 utriusque

261 1758 432 1811 contrahentis
456 1759 539 1810 verbis
563 1760 602 1810 vel
628 1761 705 1828 signis
724 1775 870 1825 expressum
895 1775 951 1810 esse
971 1760 1074 1810 lormarn
1094 1761 1259 1820 matrimonii,
1280 1767 1336 1810 tam

261 1846 286 1896 in
304 1847 401 1896 ratione
420 1851 580 1909 contractus,
606 1863 682 1916 qnam
707 1845 877 1907 Sacramenti,
902 1843 1003 1908 (eadem
1023 1851 1059 1896 cst
1077 1845 1156 1895 forma
1180 1853 1205 1910 et
1224 1848 1337 1896 materia

203 1947 205 1950 ’
261 1932 405 2000 utriusque,
430 1932 490 1982 dum
508 1929 622 1983 Christus
646 1935 777 1983 instituens
797 1931 987 1983 Sacramentum
1011 1933 1162 1982 matrimonii
1186 1934 1337 1982 contractui

261 2032 312 2070 non
336 2025 431 2069 ιιιιιιιιιο
454 2020 634 2087 superaddidit
659 2033 705 2068 serr
728 2019 852 2082 adjunxit
873 2019 1000 2068 rationem
1023 2017 1191 2068 Sacramenti
1211 2033 1259 2068 aere
1279 2022 1338 2070 vim

259 2107 378 2171 practice
395 2105 596 2170 sipiificatiaem
613 2103 872 2170 mandaterum),
891 2106 1021 2156 materiam
1037 2119 1098 2154 vero
1113 2105 1253 2170 proximam
1270 2120 1336 2156 esse

259 2189 417 2242 traditionem
436 2198 461 2241 et
479 2193 676 2257 acceptationem
695 2205 844 2256 corporum,
863 2197 887 2240 et
905 2193 1034 2242 materiam
1052 2197 1173 2242 remotam
1191 2191 1248 2258 ipsa
1269 2209 1335 2243 cor-

259 2291 336 2344 pora;
355 2291 411 2328 esse
424 2292 486 2328 vero
498 2278 637 2341 materiam,
655 2293 706 2330 non
719 2293 750 2328 ex
766 2293 814 2344 qua
828 2283 971 2328 contractus
986 2275 1167 2342 (formaliter‘l)
1186 2277 1334 2340 coalescat,

258 2361 302 2413 sed
321 2364 388 2413 circa
407 2379 483 2432 quam
497 2370 622 2428 versetur,
640 2371 664 2415 ct
682 2380 732 2434 qua
750 2365 805 2430 ipse
818 2371 961 2414 contractus
976 2364 1126 2430 perficiatur,
1144 2379 1201 2414 cum
1217 2365 1338 2434 signan-

256 2455 295 2498 ter
313 2445 389 2500 Gonc.
403 2448 470 2502 Flor.
489 2449 587 2512 dixerit,
605 2449 767 2502 Sacramenta
777 2452 861 2500 omnia
874 2449 967 2517 perfici
984 2448 1057 2499 rebus
1072 2455 1191 2518 tanquam
1210 2455 1339 2516 materia,

257 2541 282 2585 et
299 2533 385 2586 verbis
401 2543 520 2603 tanquam
539 2536 629 2599 forma,
647 2537 721 2588 tacite
740 2535 788 2587 hac
806 2538 904 2588 ratione
922 2535 1036 2586 indicans
1054 2551 1105 2586 noo
1124 2552 1180 2588 esse
1198 2552 1338 2590 necessa-

256 2623 321 2674 rium
340 2621 407 2690 quod
425 2621 590 2674 Sacramenta
608 2625 693 2674 omnia
711 2625 851 2674 intrinsece
869 2629 986 2674 constent
1004 2621 1078 2674 rebus
1097 2630 1122 2672 et
1139 2621 1240 2687 verbis,
1269 2641 1339 2678 cunr
1363 2687 1364 2698 γ

255 2707 310 2760 aliis
329 2706 415 2760 dicere
433 2707 551 2760 debuisse
569 2715 701 2770 concitore,
722 2724 772 2760 ιιοιι
790 2711 887 2776 perfici.
925 2709 964 2760 Ex
982 2723 1012 2759 co
1031 2709 1109 2776 magis
1129 2708 1240 2775 placeret
1263 2709 1340 2763 haec
1363 2769 1364 2780 .

254 2795 387 2856 sententia,
405 2795 472 2861 quod
490 2794 579 2846 melius
597 2795 646 2847 boc
663 2795 738 2847 modo
756 2795 875 2864 explicari
894 2803 980 2864 queat,
998 2793 1105 2864 qualiter
1124 2797 1338 2863 matrimonium,

254 2887 281 2930 ut
300 2879 395 2948 reliqna
414 2877 584 2946 Sacramenta,
601 2881 745 2950 perficiatur
763 2881 839 2934 rebus
857 2891 976 2952 tanquam
995 2883 1099 2934 rnateria
1117 2887 1142 2931 et
1159 2880 1245 2932 verbis
1269 2891 1340 2936 tan-

254 2981 329 3032 quam
349 2965 445 3030 iorma3
464 2968 525 3018 item
543 2967 651 3036 qualiter
668 2972 853 3022 matrimonium
872 2985 930 3020 eum
949 2967 1049 3037 reliquis
1067 2967 1239 3020 contractibus
1262 2985 1339 3022 con-

253 3053 346 3116 veniat,
364 3067 471 3122 quorum
490 3051 572 3104 forma
589 3062 627 3105 cst
645 3071 785 3109 concensus
804 3057 928 3124 expressis
947 3054 1031 3106 verbis
1051 3054 1278 3120 contrahentium,
1309 3069 1343 3110 ct

253 3137 315 3188 illud
340 3146 378 3189 est
405 3139 508 3190 materia
531 3138 599 3208 quod
623 3155 763 3192 consensus
787 3141 828 3192 ille
854 3142 956 3209 respicit
980 3149 1006 3192 et
1023 3142 1090 3192 circa
1109 3141 1175 3212 quod
1194 3153 1342 3198 versatur.

254 3221 360 3276 beuren.
378 3224 425 3278 lor.
443 3223 505 3276 eccl.
523 3225 540 3276 l.
559 3241 580 3276 c.
600 3244 624 3296 q.
643 3229 684 3298 86,
703 3229 727 3280 4.
746 3229 770 3294 3.
781 3230 805 3280 S.
821 3227 866 3294 Tb,
884 3227 1054 3292 „tricenium
1072 3227 1139 3298 quod
1158 3229 1183 3278 in
1203 3229 1343 3283 omnibus

254 3309 421 3363 sacramentis
440 3321 477 3363 est
496 3311 579 3382 aliqua
598 3314 733 3382 spiritualis
745 3318 858 3381 operatio
877 3315 1004 3368 mediante
1022 3314 1144 3366 materiali
1163 3321 1344 3384 operatione,

252 3412 392 3466 quaenam
411 3399 551 3468 significat,
577 3402 641 3452 sicut
664 3419 710 3469 per
734 3401 888 3453 ablutionem
913 3401 1069 3468 corporalem
1093 3403 1118 3454 in
1142 3401 1279 3471 baptismo
1308 3411 1345 3460 fit

251 3481 345 3534 ablutio
363 3485 467 3538 interior
484 3487 629 3553 spiritualis.
659 3489 731 3542 Unde
750 3505 807 3540 cum
825 3490 850 3540 in
870 3489 1028 3540 matrimonio
1046 3490 1077 3540 sit
1095 3488 1222 3558 quaedam
1243 3497 1343 3560 spiri-

251 3569 324 3642 tualis
343 3571 502 3636 conjunctio,
526 3575 675 3644 inquantum
700 3575 888 3626 matrimonium
913 3583 951 3624 est
969 3581 1170 3640 sacramentum,
1190 3584 1217 3627 et
1237 3578 1347 3650 aliqua

250 3655 394 3720 materialis,
412 3659 551 3710 secondum
568 3659 635 3730 quod
655 3667 691 3712 est
709 3662 735 3712 iu
747 3659 856 3712 olliciunr
872 3667 978 3712 naturae
997 3668 1022 3713 et
1040 3660 1122 3712 civilis
1141 3663 1221 3726 vitae,
1241 3680 1346 3734 opor-

249 3747 284 3791 tet
301 3741 370 3810 quod
387 3745 516 3798 mediante
534 3746 670 3798 materiali
684 3747 734 3811 first
751 3745 912 3819 spiritualis,
929 3751 1026 3799 virtute
1044 3749 1142 3800 divine.
1166 3747 1246 3802 Unde
1269 3770 1349 3810 cum

248 3826 438 3893 conjunctiones
470 3832 635 3885 materialium
665 3839 819 3886 contractum
851 3833 913 3884 fiant
938 3849 984 3900 per
1012 3841 1124 3886 ιιιιιιιιιιιιι
1154 3849 1348 3908 consensum,

246 3921 345 3980 oportet
356 3915 425 3985 quod
440 3917 488 3969 boc
499 3917 574 3970 modo
587 3921 663 3972 etiam
675 3919 718 3972 liat
729 3917 920 3973 matrimonialis
928 3920 1080 3988 conjunctio.
1089 3919 1172 3990 suppl.
1179 3940 1205 3994 q.
1213 3923 1263 3978 45.
1271 3943 1297 3979 a.
1313 3930 1347 3982 1.
