2736 4660
177 162 241 234 378
589 175 895 232 mammaeam..

173 342 232 402 dus
265 340 401 400 teneatur
432 335 538 398 dotare
567 340 626 400 etc
657 340 690 398 tn
720 353 792 400 casu
820 343 878 400 etc.
900 333 931 398 S.
955 333 986 397 G.
1010 333 1041 398 0.
1069 334 1231 418 respondit
1261 335 1305 396 die

177 441 226 504 17.
249 441 331 522 Sept.
359 439 454 504 1722:
477 439 548 518 „tt
572 442 698 520 primum
722 434 932 502 affirmative“.
964 437 1011 500 nt
1034 437 1202 500 secundum
1227 439 1307 501 alir-

175 547 283 606 mutive
306 540 405 624 quoad
428 545 551 624 primam
575 547 701 624 partem,
725 547 754 602 et
778 545 918 624 negative
941 542 1039 624 quoad
1062 539 1229 604 secundam
1241 544 1277 616 ¹).

600 773 720 835 Casus
741 771 869 836 xtvttt.

591 923 891 985 Denuntinttones

218 1078 220 1082 ’
260 1083 355 1146 Titius
378 1081 528 1145 nonnullis
551 1089 601 1144 vix
624 1089 781 1146 transactis
794 1083 876 1148 horis
898 1085 935 1147 ab
958 1085 1060 1146 ultima
1082 1082 1311 1147 denuntiatione

175 1187 266 1250 vellet
289 1189 508 1248 matrimonium
531 1205 599 1248 cum
623 1187 709 1252 Beria
732 1187 925 1264 contrahere3
954 1191 1126 1270 quaeritur,
1157 1207 1196 1250 an
1221 1205 1312 1270 paro-

175 1290 248 1354 chus
272 1291 352 1352 licite
374 1293 468 1370 possit
491 1290 559 1351 'litii
585 1295 662 1354 votis
683 1309 826 1353 annuere.

259 1409 346 1490 llesp.
376 1413 532 1490 aequitum
563 1417 699 1491 quamvis
726 1416 807 1474 enim
836 1429 875 1472 ex
904 1412 1017 1474 Cuncti.
1050 1411 1129 1476 Trid.
1159 1429 1237 1474 sess.
1261 1407 1311 1474 24.

174 1535 199 1578 c.
227 1513 251 1578 l.
273 1512 311 1573 de
340 1513 460 1574 reform.
484 1518 611 1578 matrim.
645 1533 788 1595 expresse
818 1533 878 1578 non
909 1515 1066 1592 habeatur,
1096 1515 1180 1595 quod
1205 1519 1313 1576 matri·

175 1621 267 1678 monii
295 1613 457 1677 celebratio
487 1617 523 1678 ad
551 1616 673 1698 aliquod
703 1624 832 1697 tempus,
865 1627 935 1698 puta
965 1619 1002 1680 ad
1031 1622 1158 1696 spatium
1183 1617 1311 1680 duorum

173 1718 277 1784 saltem
307 1717 355 1780 vel
388 1721 475 1779 trium
498 1717 634 1794 dierum,
665 1727 731 1800 post
754 1721 887 1784 ultimam
910 1723 1169 1784 denuntiationem
1193 1718 1307 1782 differri

173 1819 290 1900 debeat,
314 1819 413 1884 adhuc
435 1826 554 1900 tamen,
578 1841 646 1884 oum
668 1823 737 1888 linis
759 1822 916 1888 differendi
939 1829 1007 1906 post
1028 1824 1162 1886 ultimam
1187 1823 1311 1884 denun-

175 1927 327 2008 tiationem
350 1927 399 2000 sit,
420 1930 454 1986 ut
475 1929 500 1986 si
523 1925 644 2006 aliquod
671 1927 916 2008 impedimentum
940 1928 1041 2010 detegi
1073 1930 1185 2008 possit,
1222 1932 1312 2008 atque

173 2031 340 2107 opportune
366 2025 494 2104 deterri,
525 2033 618 2090 menti
644 2034 801 2111 ipsiusmet
823 2031 948 2094 Consilii
979 2037 1010 2091 et
1038 2029 1192 2092 Ecclesiae
1224 2029 1312 2090 valde

173 2147 338 2192 consonum
374 2136 437 2206 est,
479 2135 510 2192 m
543 2131 644 2193 ultima
678 2139 797 2214 peracta
831 2134 1057 2196 denuntiatione
1087 2135 1311 2194 matrimonium

173 2237 271 2296 statim
296 2251 354 2296 non
377 2233 584 2312 contrahatur,
615 2235 668 2298 sed
691 2237 823 2299 duorum
845 2237 969 2312 saltem,
997 2237 1047 2298 oet
1074 2237 1169 2297 trium
1190 2236 1312 2296 diewm

173 2339 309 2417 epatium
332 2355 386 2417 pro
408 2337 515 2400 iisdem
538 2337 774 2419 impedimentis,
798 2344 823 2402 si
846 2356 923 2420 quae
945 2343 1021 2414 sint,
1044 2337 1233 2418 opponendts
1255 2356 1312 2400 su-

175 2444 276 2518 persit.
321 2439 383 2502 Hae
405 2440 443 2502 de
465 2459 499 2504 re
520 2445 621 2522 pranis
644 2447 690 2504 est
719 2442 876 2524 plurimum
899 2441 1087 2522 synodalium
1115 2445 1312 2502 constitutio·
1360 2451 1361 2456 ’

174 2557 245 2602 uum
268 2539 395 2622 firmata,
421 2550 453 2606 ut
473 2544 586 2626 absque
608 2544 756 2608 Ordinarii
780 2547 900 2610 licentia
929 2545 1051 2606 ultimae
1074 2542 1312 2612 denuntiationis

173 2643 222 2706 dic
245 2649 467 2710 matrimonium
493 2665 552 2708 non
581 2647 765 2728 celebretur,
796 2653 854 2712 nisi
883 2648 1015 2710 ultimam
1047 2645 1310 2708 denuntiationem

173 2745 239 2808 lieri
260 2746 310 2810 illa
333 2747 380 2810 die
403 2754 574 2834 contingat,
606 2750 641 2816 ad
665 2769 754 2834 quant
782 2750 953 2814 immediate
975 2749 1131 2814 Adventus
1153 2749 1203 2810 vel
1226 2747 1310 2820 Oua-

174 2849 362 2936 dragesimae
384 2855 499 2914 initium
522 2854 729 2938 subsequatur.
776 2854 818 2916 lta
841 2872 881 2915 ex
902 2857 977 2918 actis
992 2851 1107 2916 Eccles.
1126 2851 1249 2914 Mediol.
1273 2851 1309 2913 de

174 2951 309 3016 lnstruet.
334 2957 459 3017 matrim.
483 2973 510 3036 p.
534 2950 563 3020 d.
588 2977 612 3020 c.
636 2959 666 3023 2.
691 2955 832 3030 Giribald.
856 2957 893 3020 de
916 2955 1035 3022 denunt.
1061 2973 1089 3018 n
1116 2952 1210 3030 10.²>.

612 3189 635 3252 C
647 3208 662 3251 a
674 3207 689 3251 s
701 3208 720 3251 u
732 3206 747 3251 s
767 3186 868 3250 Xllll.

584 3339 714 3402 Votum
738 3339 893 3416 simplex„

260 3497 475 3580 Sempronius,
506 3501 625 3564 obtenta
658 3499 796 3564 facultate
831 3517 885 3582 pro
923 3498 1145 3581 dispensatione
1183 3521 1200 3564 a
1236 3505 1306 3565 voto

57 3641 68 3672 a
174 3605 300 3685 simplici
324 3609 469 3669 castitatis
498 3609 598 3668 animo
621 3603 747 3668 ducendi
770 3607 801 3666 tn
830 3618 954 3667 uxorem
977 3602 1185 3682 Petronillam,
1219 3611 1306 3667 ante-

207 3879 229 3948 ¹)
247 3880 366 3935 Thesaur.
386 3881 480 3934 resolut
497 3882 522 3935 S.
540 3879 567 3934 0.
588 3879 615 3933 G.
634 3889 692 3933 torn
712 3881 736 3933 2.
754 3895 778 3948 p.
797 3879 857 3943 212,
875 3879 934 3932 221.
952 3877 980 3932 Ο.
998 3876 1121 3946 Neapolit.

206 3967 229 4035 ²)
247 3965 326 4020 Gerus
346 3964 435 4020 Conse
453 3967 547 4022 Bened
566 3966 631 4020 ttttt.
649 3965 699 4020 vol.
719 3965 742 4020 l.
760 3981 817 4038 paq.
837 3965 895 4022 lid.
