2764 4664
187 223 252 292 328
596 235 678 292 cuns
695 235 898 290 matrimoniales.

271 395 446 462 Ordioertus
465 396 551 478 jussa
572 393 601 458 S.
626 392 659 456 G.
682 395 803 472 excepit
825 389 1013 468 documenta,
1039 393 1146 474 quibos
1168 393 1197 456 J.
1225 393 1335 456 Petrus

186 503 286 564 evinci
309 502 461 562 existimat
482 500 704 560 matrimonium
729 513 789 558 nou
811 512 879 558 esse
901 501 1147 560 consummatum.
1196 496 1334 560 Causae:

150 657 151 660 η
186 606 310 688 generis
338 604 502 664 etaetatis
531 599 705 682 disparitas,
737 615 840 662 rumor
871 598 909 662 de
938 599 1073 662 mulieris
1103 599 1336 664 consuetudine

187 723 256 767 eum
279 704 338 767 alio
361 703 498 780 bomine,
530 707 663 764 mutuum
686 700 785 764 odium
808 700 937 764 feminae
961 701 1120 766 obstinatio
1142 707 1176 764 in
1198 702 1336 779 haeresi,

186 809 314 874 ioanms
336 808 415 870 Petri
436 805 519 868 firma
540 805 681 870 adhaesio
704 803 773 866 fidei
797 804 981 884 Catholicae,
1016 805 1181 886 perieulum
1210 804 1335 868 salutis.

187 911 235 976 Ad
257 909 391 988 dubium,
414 927 453 972 an
475 911 514 972 sit
537 906 754 978 consulendum
768 905 960 972 Sanedssimo
981 926 1034 988 pro
1050 907 1284 988 dispensatione
1304 913 1336 970 in

188 1033 278 1092 essu,
301 1012 330 1076 S.
355 1012 386 1074 C.
409 1011 459 1074 die
485 1011 532 1076 13.
554 1009 637 1076 tuan
665 1007 743 1074 1733
768 1011 938 1090 respondit:
963 1011 1165 1090 „Nepotioe“.

272 1115 407 1180 loannes
428 1115 543 1192 Petrus,
567 1113 720 1193 repulsum
741 1131 835 1196 aegre
857 1113 968 1193 ferens,
993 1132 1098 1194 preces
1121 1133 1192 1176 suas
1214 1119 1333 1176 iterum

187 1217 333 1303 perpendi
362 1217 566 1302 obsequenter
593 1216 756 1297 postulavit
786 1215 835 1278 die
869 1213 919 1280 23.
948 1217 1079 1281 Jonuarii
1120 1215 1212 1280 1734.
1263 1217 1333 1279 Non

188 1326 269 1386 enim
292 1325 402 1402 petitae
428 1319 642 1399 dispensationi
672 1319 793 1382 obstare
816 1326 915 1399 putat,
947 1319 1027 1400 quod
1056 1325 1121 1400 ipse
1150 1339 1191 1382 ex
1220 1320 1331 1382 eadem

189 1424 299 1490 lemine
317 1423 451 1488 sobolem
465 1423 650 1506 illegitimam
669 1427 847 1502 susceperit,
867 1430 1026 1504 antequam
1046 1428 1072 1484 ei
1090 1423 1219 1486 nuberet
1226 1442 1236 1497 ;
1262 1441 1330 1483 nam

188 1526 285 1591 adhuc
306 1544 397 1608 posse
415 1523 588 1588 Pontificem
611 1525 797 1605 subsequens
821 1529 1040 1588 matrimonium
1064 1526 1208 1588 duntaxat
1231 1532 1332 1587 ratum

190 1629 332 1694 dirimere
355 1629 465 1694 donent
478 1627 579 1706 Botd,
605 1627 690 1695 Card.
704 1627 742 1690 de
757 1628 829 1692 Lue.
854 1627 906 1707 (de
922 1633 1046 1690 matrim.
1067 1629 1140 1692 dise.
1162 1628 1209 1692 16.
1224 1647 1255 1689 n.
1271 1628 1331 1704 25)

190 1732 374 1798 ldenoehius.
410 1733 456 1796 De
485 1735 675 1797 matrimouto
703 1750 765 1798 non
795 1736 1002 1797 consummato
1030 1750 1068 1792 ex
1098 1731 1227 1803 testibus
1257 1736 1333 1794 satis

190 1841 331 1898 constare
359 1839 478 1897 censuit
501 1832 636 1898 Vioarn'us
664 1832 820 1898 Generalis
840 1833 895 1914 Ep.
938 1831 1002 1896 Erit
1029 1839 1122 1918 igitur
1151 1833 1332 1896 deliberen-

190 1937 280 2015 dum,
308 1954 348 1998 ao
374 1941 413 1998 sit
442 1934 578 1998 standum
601 1935 650 1998 vel
680 1935 880 1999 recedendum
907 1956 924 1999 a
953 1937 1062 1998 decisis
1092 1937 1141 1998 die
1170 1935 1219 1999 13.
1245 1937 1329 1999 lunii

193 2036 272 2104 1733
295 2042 327 2100 io
350 2056 421 2102 oesu
444 2043 499 2102 eto.
524 2038 553 2102 S.
578 2038 609 2100 C.
632 2057 710 2122 resp.
735 2037 931 2120 „indecisae
954 2047 983 2100 et
1004 2041 1170 2119 amptruet.
1182 2038 1206 2116 ¹)

645 2249 766 2316 Casus
788 2251 865 2316 XXI.

320 2383 487 2458 eumen
504 2382 719 2444 mammone
735 2383 774 2444 tn
791 2349 995 2444 manauere
1013 2384 1191 2444 cononem

274 2524 410 2588 Pluribus
437 2523 545 2586 abhinc
574 2528 661 2586 annis
684 2523 775 2588 Stella
797 2523 963 2608 Euriquez,
998 2523 1106 2587 mulier
1128 2525 1268 2590 Hebraea
1299 2535 1329 2587 et

190 2643 267 2692 uxor
289 2625 381 2688 lsoeei
405 2625 508 2705 Pinto,
536 2625 710 2689 catholicam
734 2626 821 2689 fidem
845 2627 1015 2692 Florentiae
1042 2629 1177 2708 amplexa
1201 2636 1266 2710 est,
1298 2637 1328 2690 et

189 2730 302 2794 Martae
328 2729 426 2794 Rosae
455 2747 566 2792 nomen
593 2733 722 2810 aceepit,
757 2733 822 2792 viro
851 2733 886 2790 in
908 2731 1027 2812 judaica
1059 2731 1183 2814 perfidia
1207 2734 1326 2795 relicto.

190 2830 255 2905 Quo
274 2831 404 2916 juridice
426 2835 632 2912 praemonito,
658 2850 696 2896 an
719 2833 809 2895 vellet
832 2835 949 2913 etipse
973 2835 1157 2898 Christianus
1181 2837 1264 2910 fieri,
1295 2843 1326 2897 et

191 2952 316 2998 uxorem
339 2952 517 3000 conversam
540 2939 638 3016 sequi,
661 2939 851 3016 terminoque
866 2943 1018 3022 assignato
1042 2939 1078 3002 ed
1097 2938 1323 3012 deliberandum

76 3059 82 3066 ·
191 3037 304 3117 elapso,
328 3037 507 3100 declaratum
527 3037 582 3100 luit
605 3058 621 3100 a
640 3039 744 3122 judiee
763 3039 979 3117 eeclesiastico,
1002 3041 1125 3120 praelati
1144 3047 1324 3104 matrimonii

191 3139 343 3204 vinculum
375 3146 446 3205 esse'
475 3146 599 3202 omnino
632 3141 872 3222 dissolvendum,
906 3148 946 3206 ita
979 3149 1011 3205 ut
1039 3145 1142 3205 liceret
1173 3145 1325 3224 praefatae

189 3242 308 3306 mulieri
338 3260 503 3306 conversae
532 3245 569 3306 ad
598 3245 730 3322 secunde
761 3253 829 3309 vota
862 3251 1005 3322 transire;
1036 3252 1099 3327 ipsa
1132 3247 1324 3310 nitrilomious

191 3363 315 3426 sperans
346 3346 412 3409 fore
440 3347 616 3430 aliquande,
647 3353 679 3412 ut
709 3354 738 3410 et
764 3353 829 3432 ipse
855 3355 903 3412 vir
930 3356 1172 3428 converteretur,
1205 3368 1324 3431 semper

192 3451 300 3512 mansit
319 3453 452 3530 innupta.
495 3449 519 3514 E
542 3469 689 3516 converso
711 3457 759 3514 vir
783 3451 913 3518 infidelis
935 3459 965 3514 in
995 3457 1217 3516 matrimonium
1240 3452 1323 3516 duxit

188 3549 305 3626 Esther,
328 3559 449 3634 neptem
472 3573 511 3615 ex
533 3572 650 3634 sorore,
675 3573 734 3618 una
757 3575 884 3638 cumque
904 3561 1066 3619 novissime
1089 3557 1227 3638 baptismi
1250 3577 1322 3642 gra-

149 3689 152 3694 ·
189 3658 259 3727 tiam
291 3659 440 3735 suscepit,
473 3656 624 3732 Berrantis
656 3657 766 3722 Mariae
796 3677 907 3730 nomen
936 3667 1101 3726 assecutus.
1147 3661 1222 3734 Ouia
1250 3679 1321 3723 vero

189 3756 281 3820 Maria
304 3755 383 3820 llosa
405 3764 499 3841 prima
523 3779 599 3825 uxor
619 3762 751 3825 instabat
772 3781 860 3826 suum
884 3766 939 3827 sibi
959 3769 1056 3826 virum
1079 3755 1209 3842 restitui,
1232 3783 1250 3826 e
1271 3782 1320 3826 se-

208 3993 230 4061 1)
248 3993 320 4046 Thes.
339 3997 414 4050 resol.
434 3998 461 4052 G.
479 3999 656 4052 Wormattene
675 4001 724 4055 vol.
742 3999 784 4055 Vl.
802 4019 828 4070 p.
845 4004 888 4056 trit
905 4001 962 4056 ter.
