2742 4660
175 191 218 262 44
374 250 377 260 ,
438 208 476 263 De
492 209 678 280 impedimentis
695 207 889 280 impedientibus
906 211 932 264 in
950 212 1045 280 specie.

174 367 348 453 conjugium
376 371 407 432 in
429 369 583 448 omnibus,
615 371 717 450 pietati
746 367 879 432 fidelium
906 385 942 430 nc
963 367 1031 430 zelo
1061 375 1212 450 pastorum
1241 373 1315 431 nni-

175 489 299 534 marum.
344 464 499 536 Praeterea
529 470 697 535 addendum
720 477 782 547 est,
812 474 843 533 in
873 471 932 534 illis
953 471 1042 549 locis,
1075 471 1124 534 ubi
1146 469 1313 534 Decretum

175 573 265 637 Corio.
279 573 359 638 Trid.
382 578 462 636 circa
485 578 671 638 matrimonia
690 573 873 637 clandestina
890 590 951 636 non
970 578 1017 634 est
1035 579 1200 656 receptum,
1224 574 1314 636 clan-

88 665 89 668 '
174 675 376 740 destinitatem
398 681 577 740 matrimonii
600 676 683 739 hisce
705 659 930 758 impedimentis¹
949 693 1018 738 esse
1041 676 1311 754 adnumerandum,

120 817 130 835 ·
173 796 251 862 quae
283 782 482 868 communiter
512 798 579 842 cum
611 780 678 842 aliis
709 780 765 844 sub
794 777 1008 859 impedimento
1039 783 1123 841 vetiti
1154 777 1312 842 Ecclesiae

174 881 446 964 comprehenditur.

488 1029 489 1036 '
582 1032 605 1098 i.
625 1031 664 1100 ts
685 1029 900 1123 imothmb
954 1030 957 1044 '

524 1245 526 1251 ,
687 1177 715 1246 i.
745 1169 790 1236 14.

418 1277 470 1338 De
487 1277 614 1338 natura
631 1278 855 1354 sponsalium
871 1278 910 1338 tn
926 1284 1060 1352 genere.

174 1436 178 1446 ι
258 1395 280 1460 l.
305 1396 460 1478 sponsalia
482 1417 521 1460 ex
544 1399 652 1482 tripiici
674 1403 790 1464 ratione
818 1403 905 1462 caute
928 1403 997 1460 snnt
1021 1394 1188 1476 tractanda,
1219 1395 1313 1458 vide-

171 1497 242 1564 licet
273 1498 304 1574 i)
328 1505 398 1582 quia
419 1500 564 1564 inducunt
592 1503 804 1586 obligationem
834 1501 998 1564 naturalem
1026 1499 1062 1562 ad
1090 1503 1312 1561 matrimonium

172 1601 405 1666 contrabendum
429 1623 496 1666 cunr
520 1605 569 1667 iila
592 1623 735 1686 persona,
764 1625 890 1688 quacum
911 1604 991 1686 juste
1014 1603 1108 1666 semel
1131 1609 1199 1666 sunt
1222 1606 1313 1674 inita3

171 1702 206 1784 2)
225 1709 294 1786 quia
317 1709 500 1770 constituunt
514 1705 760 1790 impedimentum
783 1707 949 1788 impediens
973 1705 1071 1789 quoad
1087 1709 1311 1768 matrimonium

143 1872 148 1888 Ι
171 1824 239 1869 curn
261 1806 428 1872 alia-tertia
451 1817 543 1890 parte.
588 1807 621 1888 3)
645 1814 712 1892 quia
735 1817 860 1874 causant
887 1809 1132 1891 impedimentum
1162 1807 1312 1869 dirimens

171 1907 307 1989 publicae
329 1895 509 1992 honestatis,
540 1919 570 1976 et
592 1913 647 1978 sub
677 1913 803 1996 quadarn
833 1913 1004 1977 conditione
1032 1917 1121 1974 etiam
1145 1911 1312 1994 ligaminis,

138 2023 142 2040 ⁸
172 2011 278 2074 saltem
299 2016 330 2074 in
354 2014 421 2078 loro
444 2021 580 2079 externo.
592 2013 619 2092 ²)

257 2109 291 2178 ll.
322 2113 395 2178 Cum
418 2121 638 2182 matrimonium
667 2118 788 2182 inducat
816 2123 1009 2202 gravissimas
1040 2117 1257 2202 obligationes,
1292 2121 1309 2178 a

171 2209 289 2300 quibus,
313 2219 364 2284 illo
387 2220 482 2284 semel
496 2219 596 2282 valide
612 2219 774 2300 contracto,
799 2222 1009 2284 contrahentes
1028 2219 1110 2282 nullo
1132 2218 1191 2281 alio
1215 2216 1308 2279 modo

171 2319 290 2384 liberari
313 2330 447 2404 possunt,
472 2327 529 2386 nisi
553 2324 717 2404 partialiter
739 2342 793 2406 per
815 2324 927 2389 obitum
951 2307 1039 2386 nnius
1062 2326 1169 2404 partis,
1195 2324 1309 2383 rationi

170 2430 404 2490 miserrumum
420 2431 477 2506 est,
500 2430 730 2507 promissionem
750 2434 782 2489 ut
796 2431 922 2508 primum
938 2425 1063 2510 gradum
1085 2425 1123 2502 ad
1145 2424 1218 2486 illud
1233 2439 1329 2504 per-·

170 2527 347 2611 ficientium,
379 2549 439 2593 nou
463 2533 546 2610 parvi
569 2533 732 2594 existimari
757 2533 898 2592 momenti
906 2550 915 2606 ;
945 2529 1024 2592 unde
1046 2529 1123 2612 apud
1145 2529 1309 2610 plerasque

170 2636 277 2714 gentes
298 2631 467 2716 hujusmodi
490 2636 648 2714 promissio
671 2652 687 2696 a
706 2633 928 2720 legislatoribus
944 2634 1065 2714 speciali
1088 2651 1159 2696 cura
1183 2636 1310 2694 tractata

169 2750 238 2796 esse
265 2735 406 2812 traditnr;
437 2755 472 2797 ac
504 2733 627 2814 proinde
651 2733 786 2800 Ecclesia
816 2736 977 2814 catholica,
1008 2741 1162 2816 postquam
1195 2752 1310 2796 causae

171 2839 405 2900 matrimoniales
434 2839 470 2900 ad
499 2830 593 2920 ipsius
622 2837 720 2900 iorum
750 2858 803 2920 por
832 2841 1030 2904 elevationem
1061 2841 1241 2900 matrimonii
1272 2835 1309 2897 ad

169 2935 344 3020 dignitatern
368 2937 561 3004 Sacrarncntii
586 2940 870 3020 traditaeluerunt,
893 2943 973 3006 illam
997 2946 1148 3022 antiquam
1171 2958 1310 3002 consue-

170 3039 319 3120 tudinem,
350 3043 557 3124 praemittendi
588 3049 777 3107 matrimonio
800 3045 962 3128 sponsalia,
995 3063 1055 3108 non
1077 3043 1165 3105 modo
1194 3059 1311 3122 appro-

169 3135 260 3222 bavit,
285 3141 339 3208 sed
361 3150 450 3206 etiam
467 3163 521 3228 per
543 3146 787 3234 lcgcsspecialcs
810 3154 926 3228 cuncta,
950 3167 1027 3230 quae
1047 3147 1084 3208 ad
1103 3146 1152 3208 illa
1168 3149 1310 3224 attinent,

144 3253 147 3260 '
170 3245 309 3310 dtstincte
332 3247 456 3310 delinire
479 3248 601 3312 studuit.

198 3417 220 3484 ¹)
238 3417 369 3486 sponsalia
387 3435 403 3471 a
421 3419 569 3488 spondendo
587 3419 653 3473 dicta
671 3429 743 3486 suat3
768 3437 825 3473 narn
844 3422 919 3472 moris
937 3419 984 3472 init
1002 3419 1136 3479 Romanis,
1155 3425 1183 3470 ut
1200 3433 1310 3472 uxorem

235 3503 1051 3660 timl'tlthdititiiitttts‘i
1071 3504 1330 3659 iuditio·

238 3675 389 3746 sponderet,
413 3678 429 3728 i.
453 3694 475 3730 e.
498 3687 589 3744 sponte
612 3681 773 3746 promitteret.
808 3677 874 3730 ilino
898 3694 964 3750 qnae
987 3677 1173 3747 spondebatur,
1197 3677 1311 3744 Sponsa,

239 3765 278 3814 cui
297 3761 483 3831 spondebatur,
506 3761 634 3831 Sponsus,
657 3767 701 3836 qni
720 3763 874 3832 spondebat,
897 3765 1021 3832 Sponsor,
1039 3763 1106 3826 dies,
1127 3778 1177 3832 quo
1196 3763 1297 3830 sponde

238 3847 320 3911 batur,
338 3849 484 3916 sponsatis,
501 3857 568 3900 totus
581 3865 643 3903 aero
661 3854 682 3900 is
700 3857 836 3918 apparatus
855 3861 881 3904 et
893 3859 1046 3915 contractus,
1062 3851 1205 3924 Spomatr'a
1219 3851 1310 3924 appel-

127 3946 138 3957 *
238 3933 364 3986 labentur.
389 3933 542 4005 Schmslagr.
561 3937 598 3988 tlt.
616 3937 635 3988 l.
655 3938 678 3990 1.

200 4018 544 4096 pamm-axau
