2742 4660
346 249 383 304 De
401 247 586 319 impedimentis
605 250 756 304 matrimonii
774 249 799 301 in
818 263 920 320 genera.
1162 233 1203 300 35

76 413 185 474 inire.“
223 409 270 472 Ex
290 407 346 471 hac
369 426 443 494 crgo
465 403 666 472 declaratione
689 427 706 472 a
728 408 864 489 plurimis
887 406 1084 487 concluditur,
1108 426 1206 493 gene·
1277 469 1280 486 ι

77 518 161 576 ratim
182 519 213 574 et
235 516 376 575 universe
398 512 546 574 sublatum
568 530 636 576 csse
659 511 798 576 ellectum
821 511 934 576 decreti
957 511 1047 574 Cone.
1066 511 1145 574 l'rid.
1169 511 1207 572 dc

79 614 264 678 clandestinis
278 619 388 698 nuptiis
411 633 464 696 pro
477 613 675 690 Acatholicis3
698 615 752 679 scd
768 614 825 678 hoc
841 615 1015 677 conclusum
1039 632 1106 678 esse
1121 613 1207 677 valde

77 719 208 798 dubium,
230 722 321 780 immo
344 736 520 798 erroneum,
546 718 634 780 lacile
657 725 794 798 apparet,
825 724 885 780 tota
909 717 1109 782 declaratione
1131 718 1209 780 bene

77 840 229 902 perpensa.
273 821 338 884 Jam
361 824 441 882 enim
472 825 504 882 in
526 839 614 902 supra
636 821 738 883 relatis
761 821 789 886 S.
809 820 947 884 Pontifex
975 821 1207 886 declarationem

77 925 112 988 ad
141 925 234 986 dicias
266 923 433 988 foederatas
463 924 556 1008 Belgii
572 928 755 1003 provincias
785 929 958 1010 restringit,
990 925 1083 987 mulio
1114 927 1210 1008 magis

77 1034 173 1090 autern
196 1026 272 1090 haec
293 1031 444 1090 restrictio
468 1045 507 1090 ex
528 1031 555 1098 §.
573 1026 602 1091 4.
627 1033 657 1088 cl
671 1026 702 1091 5.
725 1027 860 1110 ejusdcm
883 1028 1091 1092 declarationis
1113 1045 1209 1109 appa-

78 1136 133 1209 ret,
156 1131 207 1194 ubi
229 1136 368 1193 accurate
391 1131 677 1193 circumscribuntur
696 1135 867 1211 provinciae
890 1137 920 1192 ct
942 1132 1011 1212 loci,
1034 1149 1111 1214 quos
1134 1131 1209 1193 hanc

78 1234 308 1296 declarationem
332 1234 395 1296 vuli
418 1233 563 1298 Sanctitas
585 1251 638 1296 sua
661 1233 834 1314 complecti,
858 1233 958 1300 addita
978 1239 1102 1315 insuper
1125 1234 1211 1296 clau·
1316 1249 1319 1258 ’

78 1338 140 1400 sula
164 1344 192 1410 §.
215 1337 245 1401 5.
275 1337 312 1398 dc
336 1337 402 1398 aliis
432 1336 607 1418 regionibus
629 1335 822 1400 sanctitatem
851 1355 934 1400 suarn
966 1337 1038 1400 nihil
1068 1337 1105 1400 de
1133 1354 1211 1399 novo

79 1439 301 1502 decernendum
331 1446 382 1502 aut
403 1437 615 1502 declarandum
644 1443 724 1500 esset
750 1440 889 1516 duxisse,
918 1441 1087 1518 volentem,
1120 1444 1153 1502 ul
1175 1437 1213 1500 de

78 1547 125 1621 iis,
144 1545 232 1624 juxta
247 1547 391 1606 canonica
408 1542 487 1624 juris
509 1546 676 1604 communis
690 1546 834 1624 principia
853 1544 1053 1626 probatusque
1075 1547 1108 1604 in
1124 1545 1214 1606 simi-

79 1648 156 1709 libus
187 1647 305 1710 casibus
337 1646 432 1709 editas
466 1665 483 1708 a
514 1665 539 1708 s.
571 1645 814 1729 Congregntionc
845 1648 971 1710 Concilii
1002 1647 1215 1723 resolutiones,

80 1751 129 1812 ubi
163 1750 323 1830 disputatio
356 1753 525 1832 contingat,
557 1747 746 1814 decidalur.“
760 1748 784 1826 ¹)
806 1787 850 1798 -
876 1751 963 1814 Hunc
993 1769 1062 1814 esse
1093 1767 1215 1814 sensum

80 1853 167 1934 hujus
189 1835 411 1928 declarationis,
434 1851 626 1916 confirmatur
640 1873 678 1918 ax
695 1871 840 1934 responso
856 1853 885 1920 S.
901 1855 995 1939 Cong.
1012 1853 1043 1916 G.
1067 1853 1105 1916 ad
1116 1853 1214 1934 Episc.

81 1957 319 2019 Rasnavicnsem
342 1955 391 2018 dic
414 1953 465 2020 20.
487 1955 567 2040 Aug.
596 1955 677 2022 1780
699 1956 869 2022 declarante
877 2003 886 2036 ,
909 1957 991 2020 illam
1014 1962 1218 2039 provisionem

82 2058 236 2120 Benedicti
259 2057 335 2122 lllV.
366 2058 463 2141 donee
484 2077 538 2139 per
559 2078 583 2124 s.
608 2059 716 2124 Sedem
738 2059 943 2142 Apostolicam
972 2060 1058 2122 aliter
1081 2059 1219 2122 declara-

84 2167 145 2224 tum
170 2180 231 2225 non
246 2161 311 2244 luit,
336 2168 475 2252 tanquam
498 2180 551 2244 pro
569 2181 630 2226 non
652 2169 778 2228 extensa
800 2165 837 2226 ad
852 2163 1034 2248 Hungariam
1059 2164 1095 2226 ab
1118 2166 1221 2226 ornni-

85 2265 141 2326 bus
174 2266 356 2328 censendam
390 2284 466 2330 esse.
520 2265 602 2327 ldem
634 2270 733 2346 patet,
767 2267 872 2330 sallem
903 2266 1001 2350 quoad
1033 2269 1221 2330 matrimonia

85 2373 198 2446 mixta,
227 2373 300 2432 inita
329 2369 425 2433 fornia
449 2368 580 2432 'lrident
609 2387 669 2432 non
698 2369 873 2450 observata,
904 2387 943 2432 ex
969 2369 1058 2432 Brevi
1080 2369 1122 2432 Pii
1146 2367 1221 2430 Vlll.

85 2471 136 2535 25.
160 2471 260 2534 Martii
286 2469 367 2536 1830
398 2472 435 2535 ad
458 2475 615 2554 episcopos
638 2471 798 2536 Rhenanos
830 2478 904 2554 „qui
926 2470 1025 2554 quoad
1051 2471 1118 2533 illas
1148 2489 1225 2534 con-

81 2574 256 2654 jrpnctiones
274 2575 337 2656 jam
358 2579 448 2638 initas
470 2578 536 2638 sine
558 2575 679 2655 parochi
702 2581 889 2656 praesentia,
912 2577 1062 2656 episcopis
1083 2572 1142 2636 illis
1165 2589 1225 2634 ne-

86 2681 235 2740 cessarias
249 2677 406 2740 facultates
421 2677 581 2762 delegavit,
604 2681 637 2740 ui
655 2679 739 2741 malis
754 2680 863 2742 exinde
886 2683 970 2754 ortis,
992 2693 1101 2759 magna
1119 2675 1225 2738 saltem

87 2784 250 2862 exparte,
279 2780 392 2844 mederi
415 2780 565 2864 valereni5
594 2787 684 2860 atque
706 2780 883 2862 declaravit,
915 2781 1105 2844 matrimonia
1134 2781 1227 2841 urixta

119 3018 141 3084 ¹)
161 3018 245 3077 Ratio,
257 3033 322 3086 quac
338 3016 424 3084 procul
440 3015 515 3068 dubio
525 3019 603 3070 movit
611 3015 706 3070 Baaed.
715 3016 780 3068 XIV.
790 3015 821 3068 ad
836 3018 933 3070 cautius
945 3022 970 3067 et
981 3016 1064 3066 minus
1074 3012 1228 3082 aper-telmic

156 3105 300 3173 quaestioni
318 3101 537 3170 respondendum,
562 3105 658 3171 percipi
676 3111 759 3171 potest
783 3120 814 3155 ex
830 3101 905 3170 Reap.
924 3101 949 3154 S.
968 3099 996 3154 G.
1015 3097 1044 3151 C.
1064 3098 1096 3152 ad
1114 3101 1226 3167 episcop.

155 3189 284 3252 Romam,
307 3189 432 3240 monentis
457 3188 564 3240 cundem
583 3188 679 3257 Epiacr
710 3189 885 3254 „Matrimonia
903 3187 1088 3238 haereticorum
1112 3187 1177 3236 iuter
1200 3198 1228 3234 so

157 3293 242 3328 coram
266 3276 379 3325 ministro
398 3273 525 3326 haeretico
549 3277 624 3337 inita,
648 3279 682 3328 ita
704 3292 719 3326 a
742 3285 766 3327 ic
790 3284 888 3344 oportet
911 3273 1077 3336 dissimulari,
1101 3281 1128 3322 ut
1151 3285 1228 3336 super

157 3361 296 3412 eorundem
315 3360 444 3412 validitate
465 3377 510 3412 scu
533 3361 688 3414 invaliditata
712 3359 744 3413 ab
768 3363 837 3413 omni
861 3376 962 3429 prorsus
983 3357 1109 3410 abstineas
1132 3354 1226 3406 nedum

156 3446 261 3499 letando
275 3445 415 3511 judicium,
442 3463 529 3498 rerum
553 3449 628 3498 eiiam
652 3447 824 3515 promovenda
843 3446 1027 3514 disputatione,
1054 3459 1085 3492 ex
1103 3457 1153 3511 qua
1176 3454 1226 3489 uon

157 3543 207 3585 tam
227 3533 341 3584 utilitatis
359 3532 468 3596 fructus,
494 3549 568 3602 quam
590 3533 735 3586 offensionis
760 3542 785 3586 at
808 3533 912 3601 periculi
935 3539 1016 3582 metus
1040 3531 1066 3578 iu
1091 3525 1227 3578 catholicae

159 3619 288 3688 religionis
307 3621 445 3686 perniciem
465 3619 529 3670 leret
546 3619 867 3686 expectandus.“-ldem
886 3624 971 3668 monet
989 3612 1079 3666 deinde
1100 3610 1177 3663 Cone.
1196 3610 1228 3660 dc

159 3707 326 3756 matrimoniis
344 3707 444 3756 mentis.
462 3732 497 3742 -
515 3703 670 3773 Denainger,
694 3703 830 3756 Eaciirid.
849 3720 874 3770 p.
893 3702 952 3763 379,
977 3701 1035 3752 380.
1068 3696 1129 3748 Vide
1147 3696 1228 3749 simile

159 3806 310 3858 responsum
335 3794 362 3842 in
381 3790 495 3844 Boelrhn.
514 3789 556 3844 lib.
574 3792 599 3842 4.
618 3794 654 3842 tia
673 3793 697 3843 3.
716 3791 757 3842 35.
776 3807 800 3857 p.
818 3789 859 3839 93.
883 3787 1023 3837 Declaratio
1041 3792 1124 3835 tamen
1142 3781 1228 3832 Bene-

161 3875 255 3928 dictiua
279 3886 383 3930 extensa
406 3879 453 3930 tuit
476 3876 508 3930 ad
532 3875 723 3940 Quebecenaem
746 3873 888 3926 Dioecesim
912 3888 927 3923 a
951 3869 1080 3922 Clemente
1098 3867 1164 3918 lllll.
1188 3866 1229 3916 die
1287 3920 1289 3924 ,

161 3961 387 4034 29.Nov.1764,
410 3973 435 4016 et
458 3963 534 4016 aPio
552 3962 593 4016 vi.
617 3961 658 4012 dia
683 3962 722 4016 19.
740 3959 823 4012 llartii
844 3959 909 4012 1785
933 3956 966 4008 ad
990 3972 1078 4008 omnes
1100 3953 1228 4006 dioeceses

161 4049 303 4102 Hiberniae.

981 4129 1022 4196 3*
