2736 4660
457 646 460 650 ’
544 635 895 735 Addenda

241 781 335 840 itinn
352 782 535 853 Baltlnorensl,
554 781 691 853 nuperrime
709 785 787 838 denuc
806 785 871 839 edltu
889 799 932 838 nec
950 801 996 838 mn
1014 801 1030 840 a
1047 771 1107 840 urio
1126 786 1151 838 el
1169 769 1242 838 lllri'e

305 867 333 923 B.
353 867 461 940 drcllcp.
479 867 603 923 baltlnor.
622 869 646 923 2.
664 869 734 926 Junll
754 869 820 926 titt
839 869 984 942 approbato,
1002 885 1057 940 pag.
1078 867 1128 924 iti

698 964 813 1015 de=

457 1047 768 1144 monimentis
802 1059 974 1141 Mixtis.

238 1284 270 1359 1)
294 1283 436 1346 lneundts
465 1284 633 1346 istiusmodi
657 1289 789 1360 (mixtis)
814 1291 937 1366 nuptiis,
971 1287 1104 1350 Ecclesia
1128 1305 1162 1348 ea
1187 1303 1290 1369 gene-
1357 1339 1358 1348 ι

150 1393 237 1451 ratim
261 1387 424 1450 omittenda
447 1385 566 1458 indixit,
590 1403 644 1468 per
658 1405 734 1466 quae
747 1387 967 1452 Catholtcorum
986 1373 1172 1452 matrimonia
1191 1388 1290 1466 deco-

150 1498 264 1570 rantur,
280 1491 405 1554 inclusis
424 1492 512 1548 etiam
529 1490 820 1570 proclamationibus.
843 1491 929 1566 Quod
946 1497 1055 1570 autem,
1074 1510 1115 1552 ex
1126 1496 1289 1554 occasione
1357 1507 1358 1530 l

150 1595 263 1656 decreti
286 1597 367 1654 tertii
391 1591 513 1654 Consilii
536 1589 728 1656 Prouincialis
751 1593 974 1658 baltimorensis
990 1593 1038 1657 vt.
1063 1613 1079 1656 a
1101 1593 1130 1656 S.
1145 1593 1290 1676 Congre—

150 1701 271 1780 gattone
294 1695 331 1756 de
355 1693 549 1775 Propaganda
566 1693 639 1754 Fide
661 1700 839 1776 rescriptum
863 1697 956 1758 inisse
979 1697 1100 1780 legitur,
1123 1713 1232 1774 nempe
1257 1701 1289 1755 ut

149 1799 221 1862 fiant
243 1799 491 1880 proclamationes
513 1799 604 1856 ctiam
627 1799 750 1876 quando
769 1801 874 1878 opiter
891 1799 928 1857 de
945 1801 1147 1860 matrimoniis
1164 1799 1287 1872 micatis,

149 1902 179 1962 id
203 1907 243 1968 in
257 1899 429 1982 epistolam,
459 1905 649 1962 amanuensis
670 1903 802 1976 incuria,
827 1883 973 1962 mendose
994 1904 1153 1981 irrepsisse
1176 1899 1287 1962 decla-

150 2009 227 2068 ravit
249 2001 383 2085 cjusdem
407 2000 435 2064 S.
461 1999 713 2086 Congregationis
736 2000 929 2065 secretarius.
1044 2065 1048 2072 ,

233 2105 268 2180 2)
290 2104 410 2184 SSmus,
432 2109 464 2166 in
478 2103 640 2168 Audientia
653 2102 753 2166 babitu
775 2103 825 2166 die
843 2102 892 2168 20.
908 2105 1049 2168 Decemb.
1064 2102 1156 2182 1831,
1180 2102 1289 2168 audita
1357 2183 1358 2190 ἵ

148 2208 293 2272 relatione
315 2209 407 2284 dubii,
432 2215 530 2270 utrum
553 2207 669 2270 scilieet
690 2211 721 2268 in
739 2213 978 2288 praesumptione
992 2207 1127 2288 baptismi
1150 2205 1288 2268 invalide

147 2310 244 2371 collati
266 2315 340 2390 parti
363 2309 533 2372 haereticae
556 2313 776 2371 matrimonium
799 2327 866 2371 cum
888 2316 972 2390 parte
995 2309 1145 2372 Catholica
1170 2308 1288 2372 aSede
1357 2361 1358 2378 2

146 2411 319 2493 Apostolica
343 2413 512 2492 dispensata
533 2415 610 2473 intre
632 2415 774 2492 cupienti,
797 2411 926 2474 conferri
949 2412 1057 2474 debeat
1073 2415 1181 2472 iterum
1204 2410 1286 2490 bap·
1310 2389 1358 2534 s}

151 2519 237 2578 tisma
260 2515 315 2578 sub
338 2517 528 2592 conditione,
553 2513 641 2576 dixit:

231 2617 326 2680 Detur
347 2617 500 2680 decretum
523 2617 615 2680 latum
637 2615 686 2678 die
704 2615 751 2682 17.
768 2616 930 2698 Septembr.
959 2613 1050 2695 1830,
1075 2623 1107 2678 ut
1123 2621 1283 2698 sequitur:

41 2709 44 2714 ¹
147 2719 335 2794 (Quaesitum
358 2725 436 2795 erat)
458 2738 496 2782 an
508 2719 688 2783 calvinistae
706 2726 736 2780 ct
747 2719 907 2782 Lutberani
931 2724 961 2780 in
984 2720 1043 2780 illis
1066 2719 1199 2799 partibus
1223 2719 1283 2780 de·
1357 2735 1358 2768 t

147 2827 265 2905 gentes,
290 2840 417 2902 quorum
434 2823 579 2906 baptisma
595 2821 716 2884 dubium
740 2828 769 2882 et
792 2828 962 2902 suspectum
986 2827 1042 2900 est,
1065 2821 1203 2882 infideles
1227 2821 1285 2882 ba-

146 2925 236 2987 bcndi
260 2929 334 3002 sint,
365 2930 406 2988 ita
429 2931 461 2986 ut
483 2929 562 2986 inter
584 2942 638 2988 cos
661 2931 691 2986 et
713 2924 875 2986 catholicos
899 2923 1078 3003 disparitatis
1101 2925 1199 2986 cultus
1223 2928 1284 2984 im—

147 3026 347 3108 pedimentum
370 3028 512 3089 dirimens
528 3026 634 3089 adesse
652 3027 833 3088 censeatur?
857 3025 910 3087 Cui
926 3029 1086 3086 instantiae
1102 3043 1282 3106 responsum

146 3129 218 3192 fuit:
246 3129 279 3205 l)
292 3129 394 3202 Quoad
417 3128 587 3193 haereticos
601 3147 728 3210 quorum
743 3133 844 3190 sectae
858 3128 977 3190 ritualia
993 3128 1200 3207 praescribunt
1216 3129 1284 3190 col-

146 3231 288 3296 lationem
312 3233 449 3313 baptismi
472 3231 585 3313 absque
609 3236 779 3294 necessario
799 3247 855 3292 usu
878 3218 1020 3292 materiae
1043 3237 1074 3291 et
1090 3226 1207 3292 iorm'ae
1231 3250 1284 3293 es·

145 3336 292 3414 sentialis,
316 3335 405 3397 debet
427 3338 591 3396 examinari
615 3353 701 3396 casus
724 3333 918 3414 particularis.
948 3332 983 3407 2)
1006 3332 1109 3407 Quoad
1133 3333 1209 3396 alios
1233 3339 1282 3415 qul

141 3438 229 3518 juxta
256 3454 360 3499 eorum
390 3437 506 3498 ritualia
529 3437 628 3498 valide
656 3435 822 3516 baptizant,
853 3434 981 3496 validum
1004 3435 1190 3498 censendum
1214 3455 1281 3499 esse

145 3539 300 3618 baptisma.
325 3538 437 3613 Quodsi
460 3539 581 3601 dubium
597 3543 745 3619 persistat,
770 3542 859 3600 etiam
882 3540 913 3597 in
929 3541 1025 3618 primo
1041 3555 1122 3615 casu,
1148 3557 1282 3601 censen-

146 3640 217 3704 dum
244 3647 290 3704 est
312 3641 442 3702 validum
471 3640 615 3720 baptisma
637 3645 669 3702 in
691 3641 796 3703 ordine
819 3640 856 3702 ad
880 3639 1061 3703 validitatem
1086 3644 1277 3706 matrimonii.

146 3741 181 3820 3)
204 3743 234 3808 Si
257 3750 354 3806 autem
380 3750 463 3806 certe
485 3745 685 3828 cognoscatur
704 3743 816 3805 nullum
838 3742 982 3822 baptisma
1004 3761 1044 3804 ex
1059 3743 1281 3806 consuetudine

146 3847 253 3908 actuali
275 3847 356 3909 illius
378 3853 495 3925 sectae,
525 3847 638 3909 nullum
661 3852 708 3908 est
730 3847 961 3908 matrimonium.
1007 3845 1121 3927 Hisque
1143 3837 1280 3910 omnibus

145 3949 255 4013 SSmus
277 3949 434 4030 superaddi
458 3949 623 4014 mandavit:
647 3953 677 4010 in
695 3952 784 4010 tertio
807 3963 879 4010 casu
893 3947 1017 4027 praefati
1040 3947 1157 4018 decreti
1180 3955 1280 4033 respi-

146 4053 245 4112 ciente
267 4051 433 4112 nullitatem
455 4057 565 4113 certam
587 4051 725 4132 baptismi
746 4054 778 4112 in
800 4055 884 4131 parte
905 4048 1065 4131 haeretica,
1089 4059 1280 4117 reccurratur

149 4153 179 4208 'n
200 4149 318 4214 casibus
340 4152 574 4232 particularibus.
688 4169 692 4176 ·
