2764 4664
462 269 542 323 &rur
561 269 764 322 matri-unnim.
1114 251 1177 317 ³05

41 425 287 504 consuetudines,
314 432 364 488 ant
387 431 497 490 sumu
519 424 741 492 baereticorum
764 429 913 488 coritmrin
934 425 1053 510 legibus
1074 425 1178 488 mein-

40 533 191 606 stastiois,
227 529 281 591 sed
311 528 484 594 sneundun-
512 529 598 611 teges
628 533 708 610 ipsas
739 534 770 588 et
800 525 883 590 turis
916 532 1055 592 canonici
1087 545 1181 610 praa

40 637 195 712 scriptum.
222 679 229 694 .
254 683 261 696 .
287 683 293 696 .

128 736 182 798 His
210 738 370 817 expositis,
403 735 440 799 ad
466 735 605 812 dubium,
633 751 676 798 nn
702 736 879 798 contende
902 737 1180 817 noltttntopriorir

39 841 242 916 matrimonii,
265 837 294 900 S.
318 839 348 900 0.
373 835 403 902 9.
417 838 502 901 Febr.
530 837 609 902 1732
633 837 790 920 respond.:
815 838 885 916 „nd
907 842 1072 906 meniem“.
1104 839 1182 904 itinn

41 961 155 1005 causae
177 942 420 1042 bojusffixamen
450 945 590 1004 iteratum
614 947 661 1003 est
682 941 712 1006 8.
736 941 833 1004 Marto
860 938 957 1018 1732,
986 947 1101 1026 inquo
1122 960 1183 1025 po·-

40 1049 193 1106 tissimum
217 1044 274 1106 boe
297 1043 518 1106 consideratum
541 1051 599 1123 est,
623 1062 661 1106 au
684 1048 757 1108 satis
780 1048 900 1108 constet
921 1051 1049 1126 primum
1071 1051 1180 1110 matri-

40 1153 179 1210 monium
209 1149 303 1210 inisse
331 1151 436 1210 initum
466 1153 545 1212 inter
571 1147 720 1212 ioannem
747 1147 913 1212 Antonium
943 1155 974 1210 et
1003 1149 1182 1214 christinam

39 1270 110 1313 eum
137 1241 499 1316 voiuntate'excludente
527 1255 672 1314 rationem
696 1250 897 1327 Sacramenti,
930 1258 961 1312 et
984 1271 1052 1314 uum
1074 1250 1183 1320 condi-

39 1359 128 1416 tione
151 1353 402 1430 dissolubilium,
434 1358 518 1432 quasi
542 1353 657 1416 seilicet
679 1351 749 1416 hoio
772 1353 935 1416 conditioni
960 1353 1051 1418 tuerit
1072 1353 1182 1417 affixus

39 1474 229 1533 consensus,
252 1463 283 1517 et
305 1458 392 1520 aliter
415 1475 474 1518 uon
497 1463 600 1518 esseut
623 1461 821 1534 contrectari,
850 1461 880 1518 in
904 1457 958 1520 bac
980 1462 1061 1520 enim
1083 1457 1183 1540 hypo·

38 1561 120 1622 thesi
146 1560 317 1644 generalem
341 1564 539 1621 intentionem
561 1559 685 1622 ineundi
717 1564 937 1622 matrimonium
963 1559 1129 1644 legitimum
1154 1568 1185 1624 et

39 1663 177 1752 validum
206 1661 346 1726 habuisse
376 1665 493 1724 conseri
525 1679 585 1723 uon
617 1667 760 1743 possunt,
793 1663 847 1726 sed
879 1661 1012 1742 protecto
1035 1662 1182 1744 judiciuin

38 1765 165 1828 videtur
194 1783 261 1827 esse
291 1765 447 1827 serendum
477 1765 514 1828 ad
544 1783 678 1827 normam
708 1764 877 1846 hujusmodi
901 1765 1081 1845 voluntatis,
1114 1769 1185 1848 qnia

39 1867 151 1950 perfici
180 1873 350 1930 contractus
373 1868 560 1930 connubialis
588 1886 649 1930 non
680 1874 778 1949 potest
808 1873 874 1930 sine
899 1874 1002 1930 ruatuo
1032 1887 1184 1932 consensu

9 2003 10 2010 κ
40 1981 71 2033 et
99 1979 200 2032 mutua
224 1971 390 2042 volontate,
415 1989 431 2032 a
455 1989 513 2052 qua
536 1971 586 2034 ille
609 1977 669 2033 vim
694 1973 881 2053 formamque
904 1976 1020 2054 accipit.
1045 2007 1085 2018 -
1103 1971 1185 2036 fflno

39 2075 144 2138 Gobot
166 2082 237 2138 tom.
255 2076 280 2138 t.
295 2079 330 2137 tr.
348 2072 394 2136 10.
411 2092 470 2136 cas.
487 2069 535 2138 19.
555 2093 582 2139 n.
600 2073 677 2148 tom
702 2081 858 2155 postquam
882 2073 1019 2151 tinuerit,
1045 2077 1187 2158 conjugia

43 2185 125 2240 inter
155 2177 338 2255 haereticos,
371 2177 420 2238 vel
449 2181 527 2238 inter
550 2175 733 2239 Catholinum
765 2182 795 2236 et
821 2176 1005 2239 haereticum
1036 2184 1187 2240 contraria

44 2282 234 2365 generaliter
248 2279 350 2344 baberi
374 2299 429 2361 pro
451 2279 661 2345 insolubilibus
684 2279 822 2364 adeoque
842 2280 958 2358 validis,
983 2284 1024 2342 ita
1047 2279 1186 2364 subjioit:

44 2385 149 2464 „Dico
171 2389 353 2466 generatim:
379 2389 402 2446 si
427 2389 494 2464 quis
514 2387 595 2444 enim
616 2383 784 2446 haereticus
808 2382 966 2446 contrabat
984 2401 1051 2445 oum
1071 2387 1114 2446 ita
1128 2401 1187 2446 ex·-

44 2505 152 2568 pressa
175 2489 351 2560 intentione,
375 2505 428 2548 seu
452 2505 512 2550 non
535 2487 699 2568 reeipiendi
719 2485 954 2565 Sacramentum,
978 2501 1033 2548 seu
1056 2483 1187 2548 facienti

45 2592 170 2652 divortii
194 2595 224 2650 in
248 2591 365 2652 casibus
395 2595 473 2652 inter
501 2587 669 2652 haereticos
698 2594 867 2672 permissis,
901 2595 933 2651 ut
955 2587 1030 2652 bueo
1060 2593 1188 2652 intentio

46 2692 238 2777 ingrediatur
251 2697 397 2754 rationem
421 2698 603 2771 contractus,
627 2699 767 2775 tanquam
791 2694 921 2756 oouditio
944 2697 1011 2754 sine
1033 2709 1092 2774 que
1114 2710 1187 2768 non,

46 2813 239 2878 nequaquam
263 2795 404 2858 subsistet
426 2795 474 2857 bic
490 2801 671 2875 contractus,
696 2797 814 2877 qnando
838 2795 958 2877 quidem
978 2795 1045 2857 tatis
1060 2799 1188 2858 intentio

46 2905 200 2982 repugnat
222 2899 404 2960 substantiae
427 2903 672 2964 matrimonii...
695 2949 701 2962 .
729 2898 813 2971 Quod
834 2905 934 2961 autem
959 2898 1026 2960 talis
1049 2915 1135 2962 mens
1157 2905 1189 2960 et

48 3003 191 3065 voluntas
214 3006 244 3062 in
267 3001 325 3065 boc
346 3021 418 3064 casn
440 3003 607 3066 christinae
630 3004 736 3083 inerit,
769 3010 886 3066 constat
913 3003 945 3077 t)
966 3019 1005 3064 ex
1027 3021 1112 3066 moro
1134 3019 1190 3065 re·

49 3110 165 3190 pionis,
189 3106 225 3180 2)
239 3123 277 3165 ex
302 3105 436 3182 testibus,
460 3103 495 3181 3)
511 3125 551 3168 ex
573 3115 696 3186 eventu,
719 3115 752 3169 ut
773 3125 871 3189 supra.
896 3103 999 3179 Quoad
1013 3105 1189 3186 Antonium,

50 3215 147 3284 certe,
170 3212 196 3269 si
218 3225 273 3286 pro
296 3225 369 3270 vero
392 3207 534 3270 imbuatur
555 3211 701 3292 quidquid
723 3211 773 3272 ilie
798 3209 836 3272 de
858 3213 959 3290 seipso
981 3227 1018 3269 ae
1040 3208 1078 3270 de
1101 3209 1189 3272 ebri-

51 3317 131 3374 stina
156 3313 234 3372 eirca
263 3308 321 3371 boo
344 3314 563 3373 matrimonium
593 3311 753 3378 affirmarit
782 3331 886 3393 supra,
921 3309 1078 3374 manifesta
1100 3315 1191 3392 atquo

52 3414 219 3476 indubitata
241 3413 360 3474 vidntur
388 3412 481 3476 tuisse
503 3415 642 3478 voluntas
670 3417 753 3498 ejus,
783 3433 843 3477 non
866 3412 1060 3478 contrahendi
1085 3417 1193 3476 matri-

54 3523 190 3581 monium
214 3515 356 3592 validum,
380 3523 568 3600 perpetuum7
591 3517 752 3582 insolubile
775 3523 805 3579 et
827 3516 941 3581 babens
963 3521 1108 3578 rationem
1132 3515 1191 3579 Sa-

53 3624 208 3684 cramentt.
223 3655 263 3664 -
276 3621 372 3686 Cardo
394 3627 496 3704 itaque
510 3620 692 3686 difficultatis
709 3624 835 3682 vertitur
854 3624 885 3680 in
903 3619 1052 3700 punitate
1070 3619 1192 3699 probo-

54 3727 150 3786 tionis
156 3746 168 3798 ;
184 3741 250 3785 narn
263 3730 293 3786 in
310 3725 517 3789 tornenterno
534 3725 622 3788 iidem
640 3743 700 3786 non
717 3741 783 3785 esse
802 3719 997 3784 adiubendrm
1012 3721 1192 3804 conjugibus

55 3813 303 3910 impugnantibus
326 3827 459 3891 valorem
482 3831 662 3891 matrimonii
680 3828 743 3910 jam
765 3829 921 3903 contracti,
945 3827 1098 3904 rescripsit
1112 3821 1193 3887 Goa-

56 3931 185 3993 testinus
208 3930 255 3992 ΙΙΙ.
278 3935 309 3992 in
332 3947 394 4013 unp.
418 3949 510 4014 super
531 3947 579 4009 eo,
604 3930 642 3992 de
665 3948 712 4008 eo,
735 3933 787 4011 qut
809 3945 898 4010 cogn.
915 3943 1056 4011 aounng.
1081 3923 1193 3990 Verum

57 4039 192 4101 occurrit
209 4034 520 4115 ‚animadvertendum
545 4033 625 4116 quod
637 4032 778 4097 Pontifex
794 4048 854 4094 non
871 4029 1008 4095 absoluto
1024 4035 1054 4093 et
1071 4034 1193 4094 omnine

110 4151 307 4196 munimento.
945 4131 989 4200 20
