2746 4646
311 201 350 258 Do
363 203 554 272 immineam
572 201 768 274 lanpedientibur
783 204 810 260 in
826 205 922 274 specis
1148 186 1196 266 ᾗ

146 363 289 439 requirit3
319 361 398 424 idem
421 359 601 440 tenendum,
632 365 750 441 sipost
777 360 909 426 numan
940 359 1196 432 denuntiationem

147 461 224 524 ultra
247 461 323 526 duos
344 481 465 526 menses
488 470 671 544 protractum
695 461 829 538 tuerit.¹)

90 564 122 639 b)
148 564 253 628 diebos
281 564 423 644 festivis,
451 571 470 630 i.
495 585 521 628 e.
545 567 584 629 de
602 574 770 647 praecepto
798 563 1002 643 celebrandis;
1033 563 1102 630 binc
1131 565 1197 630 nort

147 686 208 730 non
231 667 341 730 debent
362 673 393 730 in
416 670 501 732 lestis
523 687 563 731 ex
584 669 648 732 sola
665 670 826 732 devotione
849 668 1025 744 observatis,
1049 687 1085 730 ac
1103 667 1196 730 multo

148 776 247 836 minus
268 776 300 834 in
322 773 426 834 diebus
449 771 610 850 ferialibus,
634 773 706 834 licet
728 790 892 842 concursus
914 757 1014 850 populi
1036 767 1196 850 habeatur3

147 881 272 954 possunt
304 882 403 940 tamea
426 876 490 940 lieri
513 882 648 955 tempore
675 874 776 938 clauso
799 873 1051 956 Quadregestmae
1078 879 1110 936 et
1129 871 1197 934 Ad-

147 979 265 1039 ventds.
278 975 305 1049 ²)

89 1084 122 1152 c)
145 1084 225 1141 inter
252 1080 421 1143 Missurum
449 1081 615 1161 solemnia,
648 1099 689 1144 sc.
718 1086 799 1143 inter
827 1079 947 1143 Missam
980 1077 1179 1158 parochialem
1186 1098 1196 1154 ;

147 1189 304 1262 propterea
328 1181 482 1245 faciendae
506 1203 566 1247 non
589 1191 659 1248 sunt
680 1189 713 1246 in
734 1183 823 1246 Missa
853 1185 1089 1262 privatamque
1113 1188 1197 1244 extra

149 1287 307 1348 ecelesiam
337 1293 405 1366 post
434 1286 555 1350 Sacrum
584 1287 734 1364 solemne,
766 1303 864 1366 neque
892 1289 972 1346 inter
994 1279 1197 1366 vesperas33)

147 1395 272 1469 possunt
295 1395 393 1452 tamen
411 1389 477 1452 lieri
493 1391 597 1454 diebus
613 1389 739 1467 festivis,
764 1389 834 1450 dum
853 1390 1009 1451 cantantur
1028 1385 1196 1468 vesperam

148 1497 173 1554 si
194 1509 248 1572 per
269 1491 449 1555 oblivionem
469 1493 518 1555 vel
542 1494 598 1556 alia
619 1493 657 1555 de
674 1510 764 1556 causa
790 1495 899 1553 omissa
921 1489 1032 1551 fuerint
1053 1493 1085 1551 in
1107 1488 1197 1552 Missa

150 1593 231 1656 illius
254 1593 362 1670 diei.⁴)

146 1695 208 1761 Vll.
233 1697 266 1758 ln
289 1701 390 1760 mixtis
412 1703 625 1778 matrimoniis,
657 1703 682 1762 si
705 1701 806 1780 sponsi
836 1693 1011 1758 contrahere
1038 1694 1197 1758 intendunt

60 1819 160 1862 coram
185 1799 314 1882 parocho
338 1801 499 1882 catholieo,
530 1802 717 1866 cautionibus
748 1803 926 1864 necessariis
955 1796 1032 1860 datis
1060 1797 1197 1878 promul-

60 1908 200 1987 gationes
223 1904 388 1968 bannorum
415 1909 447 1966 in
474 1905 602 1968 ccclesia
631 1905 792 1983 parochiali
815 1907 907 1985 partis
936 1899 1100 1964 catholicae
1131 1899 1196 1962 fieri

60 2013 187 2086 possunt
209 2025 244 2068 ac
265 2006 384 2084 debent,
409 2013 441 2068 ut
463 2013 544 2087 patet
565 2027 605 2069 ex
626 2013 711 2088 epist.
736 2007 766 2071 S.
784 2007 876 2088 Cong.
893 2003 1031 2066 General.
1053 2003 1091 2066 de
1113 2021 1196 2083 prop.

61 2109 118 2170 fide
141 2109 180 2171 ad
195 2107 460 2189 Archiepiscopum
478 2111 724 2174 Baltimorensem
741 2111 790 2172 die
806 2109 834 2173 3.
849 2110 918 2170 tutti
938 2106 1017 2170 1847
1027 2105 1068 2183 ⁵):
1092 2107 1197 2186 „later

56 2211 176 2274 decreta
201 2212 326 2274 Concilii
349 2231 440 2275 unum
462 2218 623 2287 invenitur,
648 2211 728 2296 quod
750 2213 787 2276 ad
810 2213 1059 2294 proclamationes
1089 2213 1196 2272 matri-

57 2321 155 2380 monio
179 2315 409 2396 praemittendas
431 2323 564 2398 spectat,
588 2323 618 2379 et
640 2322 722 2408 recte
744 2335 779 2378 ao
802 2315 992 2378 laudabiliter
1006 2313 1107 2376 Patres
1120 2300 1197 2375 ¹sta-

58 2425 198 2493 tuerunt‚
229 2419 306 2501 legis
334 2423 421 2482 istius
451 2419 672 2483 obsecrantium
702 2436 770 2480 esse
799 2415 1076 2498 praescribendam,
1108 2433 1196 2495 quarn

58 2521 194 2584 Ecclesia
212 2539 429 2600 saepenumero
452 2521 672 2584 commendavit
692 2528 722 2582 ot
737 2521 951 2602 Episcoporom
976 2518 1094 2582 assidua
1113 2521 1196 2600 vigi-
1249 2558 1254 2562 -

62 2625 154 2686 tantia
179 2622 345 2706 ungendam
359 2629 488 2701 curavit3
512 2629 537 2688 si
561 2625 680 2706 quidem
702 2623 758 2687 hoe
772 2623 935 2686 remedium
958 2620 1198 2683 efficacissimum

58 2733 117 2806 est,
143 2733 177 2788 ut
200 2725 296 2805 malis,
320 2746 395 2808 quae
418 2732 569 2790 orirentur
592 2745 630 2788 ex
654 2731 849 2790 matrimoniis
871 2731 959 2788 nimis
978 2725 1196 2806 ,praecipitum-

58 2838 103 2892 ter
126 2830 179 2892 vel
201 2847 270 2888 com
292 2831 459 2894 existentia
486 2829 619 2908 alternus
648 2832 855 2910 impedimenti
875 2833 1034 2894 contractis
1063 2827 1197 2890 succurri

58 2937 161 3013 possit.
210 2929 332 2994 Constat
358 2937 438 2994 enim
460 2933 537 2996 hanc
564 2934 664 3018 legem
687 2951 722 2995 ea
746 2933 783 2995 de
813 2951 902 2996 cause
929 2931 1022 2994 luisse
1046 2931 1197 3010 praescri-

58 3042 146 3114 ptam,
175 3039 208 3094 ut
229 3033 376 3096 eoattdalis
399 3041 518 3099 occasio
541 3035 794 3117 praecluderetur,
817 3042 848 3096 et
867 3035 1075 3098 consuleretur
1094 3031 1196 3114 legum

58 3137 93 3200 ab
122 3137 261 3198 Ecclesia
289 3135 327 3197 de
356 3143 545 3202 matrimonio
574 3139 762 3202 conditarum
790 3137 944 3200 custodiae
974 3155 1008 3200 ao
1038 3137 1195 3198 sanctitati.

58 3241 264 3322 Quapropter,
295 3257 361 3300 cum
390 3242 524 3305 cautelae
553 3241 620 3304 loeo
648 3247 677 3303 et
705 3241 797 3303 veluti
827 3237 1003 3322 prudentiae
1030 3235 1195 3300 remedium

57 3341 130 3406 haec
153 3343 322 3424 bannorum
346 3344 505 3426 publicatio
532 3345 635 3410 haberi
658 3344 781 3423 debeat,
810 3343 891 3406 nulla
914 3347 989 3406 ratio
1012 3345 1084 3406 satis
1113 3339 1197 3408 bima

87 3539 1085 3612 ihm—msmfflmmmmmmmwm

86 3632 109 3696 ⁷)
128 3630 154 3682 S.
175 3631 204 3684 G.
223 3630 251 3683 G.
271 3628 338 3694 opud
355 3629 464 3684 Ferrarl.
479 3632 617 3684 denuntiat.
637 3638 708 3684 matr.
728 3646 754 3680 n.
773 3628 813 3682 tt.
897 3677 900 3684 s

84 3725 107 3792 ³)
126 3729 153 3781 S.
174 3727 205 3780 G.
223 3727 251 3779 G.
272 3725 311 3778 18·
331 3720 390 3774 Dea
410 3718 485 3770 1589.

81 3801 479 3882 osccmmmm.

83 3901 107 3967 ὅ)
126 3898 244 3952 &ncilla
261 3893 426 3949 havianum
443 3889 572 3942 Baltlnrori
585 3880 681 3940 vhabita
702 3887 735 3940 ab
759 3899 828 3938 anuo
853 3882 918 3936 1829
943 3895 1023 3950 osqrse
1047 3876 1078 3929 ad
1102 3889 1196 3932 annum

127 3987 206 4040 toto.
226 4001 251 4051 p.
266 3983 330 4035 1252.

99 4083 304 4132 sentement.
970 4053 1009 4116 5.
