2736 4660
156 180 221 252 390
276 199 285 214 ’
569 200 650 254 fluns
667 204 876 256 matrimoniales.

241 357 364 442 Egregii
392 359 531 422 Dammae
560 357 711 424 conates
739 362 904 442 persolutis
931 358 1069 444 tiegerus
1102 379 1119 421 a
1154 365 1290 439 tempore

156 462 185 526 S.
208 461 251 523 Pii
274 460 309 524 V.
333 479 428 544 usque
450 461 487 524 ad
510 479 668 544 praesens,
701 465 868 528 discursum
901 480 1029 527 unacum
1051 466 1217 526 summario
1235 462 1289 541 ju-

156 566 315 629 stificatiuo
338 571 511 644 exararunt,
534 569 565 626 et
587 567 676 629 simul
698 573 729 630 et
751 567 845 630 semel
867 569 1060 649 comprobare
1082 569 1183 628 murati
1208 571 1288 641 sunt,

127 651 128 654 ¹
156 669 236 732 nulla
258 685 378 749 semper
399 674 430 728 et
451 668 580 730 invalida
602 667 700 732 habita
724 669 817 734 lusisse
839 674 1195 734 matrimonia-contracta
1212 673 1292 728 inter

156 774 337 858 conjunctos
359 773 451 832 tertio
471 778 502 832 et
523 777 631 851 quarm
659 773 771 856 granu,
801 779 922 854 pmeuia
952 775 1175 854 dispensatione
1198 787 1292 852 super

155 881 270 956 quarto,
294 880 325 936 et
345 891 408 936 non
430 874 561 937 obtentis
584 876 691 938 litteris
719 877 926 940 declaratoriis
954 894 1045 956 super
1070 881 1174 952 tertio,
1202 875 1292 955 juxta

157 981 341 1065 praescripta
363 982 396 1038 in
417 977 500 1040 Bulla
527 977 564 1040 13
588 977 617 1041 S.
640 978 681 1040 Pii
704 977 738 1042 t.
761 986 832 1070 tom.
856 980 886 1044 2.
931 979 1006 1052 Ouia
1028 997 1112 1057 vero,
1142 982 1234 1042 acuti
1255 977 1292 1038 ad

155 1085 296 1166 egregios
319 1081 458 1144 Datariae
480 1079 630 1146 Officiales
662 1088 790 1163 pertinet
812 1083 950 1146 Datariae
977 1086 1135 1163 opiniones
1166 1087 1199 1142 et
1221 1081 1293 1161 jura

154 1189 243 1263 tueri,
267 1189 311 1248 sie
333 1183 370 1246 ad
393 1171 490 1248 m'eam
520 1171 716 1269 exiguitatem
745 1191 861 1268 spectat
888 1185 977 1268 hujus
1005 1185 1035 1248 S.
1065 1185 1293 1267 congregotio-

154 1291 212 1366 nis,
236 1288 321 1369 eujus
344 1305 410 1350 sum
433 1307 450 1349 a
473 1293 608 1364 secretis,
631 1293 794 1352 sententias
808 1305 1011 1372 propugnare3
1032 1287 1103 1350 hino
1124 1293 1187 1365 est,
1211 1285 1294 1367 quod

153 1397 276 1454 inventa
298 1395 329 1452 in
351 1391 490 1475 liegestis
513 1392 664 1471 punctuali
687 1393 871 1455 resolutione
892 1409 983 1472 super
997 1377 1157 1453 ¹caliditate
1182 1391 1294 1450 matri-

154 1499 246 1558 monii
268 1498 300 1556 in
322 1493 405 1556 hisce
435 1499 569 1555 terminis
591 1499 748 1574 contracti,
779 1511 890 1576 operae
920 1499 1048 1575 pretium
1077 1509 1153 1554 esse
1175 1494 1295 1563 censui,

153 1598 190 1660 ad
213 1598 325 1660 calcem
348 1597 414 1660 folii
438 1602 602 1678 praesentis
633 1603 663 1658 et
686 1599 760 1661 alias
783 1604 874 1662 etiam
896 1603 1031 1680 praestiti
1055 1597 1146 1660 edere
1168 1595 1294 1657 discur-

155 1720 239 1780 sum,
261 1705 389 1764 utvfsis
412 1699 573 1762 hincinde
602 1700 749 1779 videndis,
781 1707 876 1765 tulum
905 1703 942 1764 ab
972 1701 1029 1766 EE.
1053 1701 1113 1764 VV.
1140 1699 1292 1782 judicium

156 1805 284 1889 proferri
306 1804 414 1882 valeat,
440 1810 470 1864 et
491 1803 590 1881 simul,
615 1809 646 1864 et
667 1804 762 1869 semel
776 1806 972 1888 sequentibus
988 1803 1085 1868 dubiis
1098 1803 1292 1884 responderi,

238 1908 259 1990 l.
282 1906 332 1970 An
355 1913 471 1974 constet
500 1905 538 1967 de
569 1906 702 1970 nullitate
735 1913 933 1986 matrimonii,
973 1915 1004 1970 et
1034 1913 1181 1989 quatenus
1203 1905 1295 1968 affir-

153 2016 271 2075 malive.

238 2113 274 2179 ll.
296 2113 345 2196 ip
366 2117 507 2196 princeps
528 2113 662 2176 Joannes
683 2110 789 2194 Sapica
812 2114 907 2180 factus
930 2120 969 2177 sit
990 2113 1126 2178 inhabilis
1150 2113 1187 2176 ad
1211 2129 1295 2174 oon-

152 2216 330 2281 trahendum
352 2219 572 2280 matrimonium
601 2233 669 2278 oum
691 2217 758 2280 aliis
779 2219 955 2282 mulieribus
977 2224 1008 2280 in
1030 2235 1102 2280 casu
1124 2223 1180 2280 etc.

238 2321 286 2385 Ad
308 2327 436 2403 primum
459 2323 611 2404 negative,
636 2325 667 2382 et
688 2319 853 2403 Episcopus
883 2321 1011 2400 mandet,
1037 2321 1117 2402 quod
1131 2320 1293 2402 ‘conjuges
1352 2369 1353 2420 ,

157 2428 386 2488 continuantia
408 2427 608 2504 separatione,
643 2423 740 2487 donec
762 2425 943 2487 obtinuerint
970 2425 1085 2488 litteras
1116 2424 1294 2486 declarato-

158 2531 228 2591 rias.
273 2525 321 2590 Ad
343 2526 508 2590 secuudum
530 2531 682 2607 prouisum
705 2532 737 2590 in
759 2531 855 2609 primo
879 2534 910 2590 et
931 2527 1057 2608 amplius
1066 2527 1102 2605 ¹).

616 2739 732 2806 Casus
755 2741 827 2806 tvi.

195 2901 328 2964 Munus
346 2899 552 2962 confessarii
570 2899 861 2976 impedimentum
878 2900 1017 2976 aliquod
1034 2901 1235 2976 detegentis

238 3059 387 3138 florinda,
412 3077 479 3121 cum
502 3064 532 3121 in
555 3060 689 3142 generali
712 3063 903 3124 confessione
917 3061 1200 3140 delictajuventutis
1215 3079 1291 3124 suae
1350 3073 1353 3084 ’

152 3161 338 3226 confessario
361 3168 536 3242 exponeret,
562 3161 599 3223 de
623 3181 682 3224 una
704 3163 753 3224 uel
775 3165 868 3227 altera
891 3163 1089 3228 fornicatione
1104 3181 1137 3227 se
1155 3172 1288 3228 accusat.

152 3265 337 3348 Interrogata
361 3265 398 3326 de
420 3269 497 3328 statu
520 3265 681 3346 complicis,
707 3267 851 3330 relatione
873 3269 910 3330 ad
932 3286 984 3348 se,
1009 3270 1173 3350 respondit,
1198 3287 1290 3332 com-

150 3369 258 3449 plicem
281 3368 376 3430 fluisse
404 3367 525 3432 fratrem
555 3371 720 3450 praesentis
748 3355 887 3436 viri‘sui.
933 3367 1103 3452 Quaeritur,
1134 3373 1288 3452 quomodo

151 3471 370 3552 confessarius,
406 3472 506 3536 audita
534 3471 589 3534 hac
618 3479 833 3555 responsione,
870 3473 977 3537 debeat
1013 3493 1046 3538 se
1077 3493 1187 3562 gerere
1219 3495 1286 3539 oum

151 3573 300 3637 Florinda.

235 3677 322 3759 Resp.
345 3679 503 3742 Prudentia
526 3697 586 3743 non
609 3685 717 3758 minus,
741 3700 828 3763 quam
851 3701 921 3746 sana
940 3683 1075 3749 doctrina
1098 3683 1284 3749 confessario

153 3860 358 3872 ..n--n--n-

181 3952 477 4030 puteacensis.
496 3959 524 4016 Ο.
543 3959 572 4015 G.
591 3958 673 4016 Causa
691 3963 809 4016 Lucaeor.
828 3972 887 4016 tom.
906 3961 936 4016 ll.
955 3981 980 4033 p.
1003 3963 1057 4017 142.
