2758 4664
183 198 250 268 22⁰
560 216 707 274 meeum
724 215 956 272 mmm-suun.

186 393 265 458 quae
304 375 400 440 iorum
440 379 594 440 internum
626 375 724 442 solum
756 379 891 456 spectant
929 393 969 438 sc.
1010 393 1065 456 pro
1100 371 1317 456 impedimentis

185 479 322 542 occultis.
349 513 386 524 -
411 477 574 542 Rarissime
597 479 717 559 quidem
742 484 857 556 euenit,
885 484 917 540 ut
940 496 1082 542 recursus
1104 477 1234 542 adhaec
1257 475 1316 537 Tri-

184 581 305 660 buoelia
327 597 368 642 ex
389 577 473 644 bisce
496 582 671 664 regionibus
693 581 865 644 immediate
888 586 927 644 sit
948 580 1113 658 habendus,
1137 596 1206 640 eum
1230 576 1314 656 Epis-

184 687 268 764 copis
298 683 401 767 largae
435 682 628 765 dispensandi
659 682 815 746 facultates
843 683 882 748 ob
911 684 1057 765 speciales
1088 687 1223 746 rationes
1247 697 1317 742 coo·

184 803 290 850 wssae
322 789 382 848 sint
409 805 426 848 a
455 785 533 850 Sede
562 784 784 866 Apostottca;¹)
815 787 869 850 sed
899 805 967 848 cum
997 785 1093 866 stylus
1113 804 1172 848 seu
1196 785 1316 858 formae,

184 907 260 970 quas
289 888 363 952 haec
394 888 549 952 tribunatia
583 893 614 950 in
641 889 772 970 petendo
803 896 834 950 et
873 889 1053 970 exequendo
1082 887 1319 968 dispensationes

184 992 407 1072 praescribunt,
436 993 498 1054 nhn
521 997 581 1055 sint
603 1009 699 1052 vanae
721 997 751 1054 et
775 991 963 1073 superfluae,
997 990 1051 1054 sed
1085 993 1256 1070 pertineant
1287 987 1320 1050 ad

184 1095 413 1158 Ecclesiasticae
441 1094 616 1178 disciplinae
649 1099 785 1178 vigorem
814 1101 845 1156 et
873 1098 1083 1157 canonicarum
1114 1099 1145 1153 et
1175 1091 1320 1172 apostoti-

184 1216 287 1262 carum
310 1203 554 1262 constitutionum
577 1199 762 1261 voluntatem
776 1198 967 1266 servandam,
993 1200 1114 1258 minime
1137 1193 1317 1276 superfluum

184 1307 252 1380 erit,
276 1301 396 1364 modum
419 1305 450 1363 in
465 1301 550 1364 Curia
569 1301 702 1366 Romana
725 1307 900 1382 requisitum
924 1300 1177 1380 dispensationem
1202 1299 1317 1378 petendi

183 1411 215 1468 et
237 1405 406 1485 exequendi
430 1403 526 1468 iustus
548 1422 701 1488 exponere
709 1423 718 1483 ;
742 1423 871 1488 oninique
894 1409 945 1466 vix
962 1401 1153 1466 dubitandum
1166 1408 1224 1476 est,
1249 1405 1316 1482 quio

88 1483 97 1499 ’
182 1505 322 1590 Episcopi
344 1523 383 1568 ex
406 1506 597 1590 delegatione
620 1507 836 1587 dispensantes,
863 1525 900 1570 ne
923 1506 1087 1586 periculum
1109 1510 1267 1567 incurrant
1282 1505 1318 1565 h-

183 1611 271 1671 mites
293 1609 441 1673 iecultelts
463 1628 625 1673 concessae
647 1610 834 1690 excedendi,
867 1613 977 1692 pariter
1008 1629 1042 1670 ac
1072 1611 1153 1670 curia
1186 1607 1316 1670 Romana

182 1709 240 1774 hoc
263 1728 388 1774 munere
410 1711 547 1800 perfungi
571 1713 707 1778 debeant.
720 1711 750 1791 ²)

181 1813 387 1828 m·-

212 1847 235 1916 ¹)
255 1850 283 1899 ln
301 1848 485 1916 innpedimentis
503 1849 698 1918 impedientibus
717 1849 864 1914 dispensant
874 1848 992 1916 Episcopi
1011 1866 1042 1900 ex
1060 1849 1256 1910 consuetudine,
1274 1866 1317 1901 er-

251 1938 329 2002 ceptis
354 1937 417 1987 votis
440 1937 561 1986 eastitatis
590 1944 727 2002 perpetuae
751 1943 775 1985 et
799 1933 956 2004 ingrediendi
981 1935 1143 2002 religionem,
1176 1940 1199 1986 tn
1229 1935 1317 2004 quobus

252 2023 325 2072 etiem
353 2023 463 2089 episcopi
486 2019 575 2074 harnam
598 2025 728 2090 regionum
752 2037 782 2072 ex
807 2021 908 2087 speciali
933 2019 1029 2070 indulto
1054 2019 1204 2085 dispensare
1224 2021 1314 2071 valeot.

250 2105 279 2156 ln
297 2105 477 2158 baereticorum
502 2123 559 2157 onim
577 2107 707 2158 catholicis
725 2109 817 2174 nuptiis
836 2109 910 2158 etiam
935 2115 1059 2158 nostrates
1084 2121 1115 2156 ex
1134 2107 1224 2156 eadem
1244 2110 1315 2156 venie

250 2191 404 2258 dispensant,
424 2193 609 2245 conditionibus
634 2201 716 2243 tamen
736 2196 871 2260 appositis,
894 2209 941 2244 nee
959 2209 1026 2244 enim
1045 2192 1117 2242 ahter
1134 2191 1202 2243 licet.
1241 2191 1317 2242 Datur

249 2277 355 2330 facultas
374 2279 463 2330 endern
487 2279 583 2330 indulto
603 2278 766 2346 dispensandi
790 2293 867 2344 supet·
885 2283 958 2331 tertio
982 2288 1005 2330 et
1027 2286 1117 2348 quiarto
1136 2280 1317 2346 consanguini-

250 2365 306 2416 tatis
324 2371 349 2414 et
366 2365 492 2416 allinitatis
509 2365 590 2431 gradu
610 2363 715 2431 sinnplici
735 2374 760 2415 et
778 2368 856 2416 mixto
875 2374 987 2426 tantum,
1010 2373 1035 2414 et
1052 2367 1077 2415 in
1097 2363 1228 2425 seeundo,
1244 2366 1317 2415 tertio

247 2457 273 2502 et
290 2459 379 2520 quanto
403 2453 500 2514 mixtis,
524 2460 548 2502 et
566 2453 591 2502 in
610 2450 722 2500 secundo
740 2450 793 2502 iota
820 2450 903 2518 qcad
929 2454 1062 2516 praeterita
1081 2453 1242 2502 rustriinonia
1261 2466 1316 2501 eum

249 2538 378 2588 conuersis
396 2536 428 2588 ad
446 2536 530 2596 iidem,
548 2544 574 2587 et
591 2538 666 2588 eliani
678 2552 722 2602 pro
740 2540 868 2608 sexaginta
887 2536 987 2588 casibus
1005 2553 1082 2605 super
1099 2535 1223 2600 secundo,
1242 2535 1316 2586 dunn-

247 2621 323 2673 modo
341 2623 410 2674 nutto
429 2621 616 2691 modoattingat
628 2625 748 2690 primum;
765 2627 828 2674 sicut
847 2627 921 2674 etiam
933 2640 978 2692 pro
997 2623 1098 2674 totidem
1118 2623 1221 2674 casibus
1241 2639 1317 2689 super

247 2709 328 2776 primo
346 2709 473 2759 aiiinitatis
490 2708 571 2777 gradu
596 2723 626 2759 ex
649 2708 740 2774 copula
763 2707 859 2758 illicita
883 2725 928 2775 per
951 2709 1041 2760 hneann
1065 2708 1238 2760 collateralem
1265 2711 1318 2758 siva

248 2799 341 2846 tectam
359 2793 513 2857 inuitantis,
531 2793 667 2846 duinitnudo
686 2793 781 2845 nuttam
799 2793 903 2844 dubium
922 2794 1011 2856 subsit,
1040 2794 1105 2861 quod
1124 2793 1221 2858 conjnx
1241 2797 1317 2860 possit

246 2895 304 2932 esse
322 2879 404 2947 proies
422 2879 455 2932 ab
472 2881 550 2934 altero
569 2880 770 2932 contrahentium
787 2883 886 2948 genita,
911 2883 1014 2948 insuper
1039 2895 1115 2947 super
1133 2879 1316 2948 impedimento

247 2967 404 3033 eunomianis
422 2968 557 3032 spiritualis
579 2971 655 3020 etiarn
680 2970 746 3018 iuter
763 2966 890 3018 levantem
913 2976 938 3018 et
961 2967 1085 3030 levatum;
1109 2973 1133 3016 et
1157 2981 1238 3032 super
1266 2966 1317 3015 dis-

249 3052 355 3116 paritate
373 3050 461 3114 cultus,
480 3054 600 3122 gravibus
618 3062 701 3104 tannen
720 3053 752 3106 de
775 3056 859 3105 causis
882 3055 907 3102 in
926 3052 1031 3121 singolis
1050 3053 1150 3113 causis,
1178 3053 1203 3102 in
1224 3051 1317 3121 quibus

247 3135 443 3204 dispensandum
463 3143 509 3192 crit
531 3148 557 3192 et
581 3155 658 3207 super
676 3139 853 3206 impedimento
874 3137 988 3206 publicae
1012 3139 1165 3199 honestatis,
1190 3135 1269 3200 justis
1288 3153 1317 3187 ex

246 3222 405 3288 sponsalibus
431 3228 593 3280 incoveniente
616 3235 640 3276 et
668 3241 745 3293 super
772 3226 951 3292 inipediinento
976 3227 1086 3276 criminis
1113 3234 1203 3276 ueratro
1233 3232 1319 3274 tamen

246 3308 382 3378 conjugum
394 3309 562 3374 machinante,
573 3328 603 3363 ac
614 3312 761 3364 restituendi
772 3311 815 3376 jns
827 3313 927 3379 petendi
943 3311 1053 3366 debitum
1065 3313 1193 3362 amissum.
1215 3309 1319 3362 Plenas·

244 3411 296 3464 que
314 3395 359 3446 has
377 3395 508 3448 facultates
526 3401 713 3450 communicant
730 3400 774 3463 (ex
792 3401 896 3466 speciali
917 3397 1013 3450 indulto
1034 3397 1107 3450 Sedis
1126 3397 1232 3463 sipost.)
1251 3400 1322 3462 epis-

244 3483 304 3550 copi
328 3484 544 3538 nnissienarits...
575 3483 686 3538 ttenrtck
703 3485 789 3538 Theoi.
817 3501 878 3538 inor.
898 3485 941 3536 tlt.
959 3501 981 3552 p.
1003 3484 1061 3536 364.
1098 3481 1207 3550 lnsupen
1227 3481 1320 3548 pleris-

245 3584 297 3637 que
314 3567 446 3636 Episcopis
464 3569 634 3633 hunctionem,
659 3573 747 3624 saltem
773 3574 798 3622 in
817 3574 903 3638 paneis
929 3569 1044 3632 casibus,
1069 3569 1175 3620 incultas
1194 3583 1319 3618 concessa

246 3661 285 3706 est
302 3653 466 3721 dispensandi
484 3659 509 3708 in
533 3660 614 3723 primo
631 3658 711 3725 gradu
736 3657 865 3708 alhnitatis
889 3657 972 3708 lineae
989 3664 1151 3708 transversae
1177 3673 1210 3708 ex
1232 3657 1320 3706 unatri-

245 3741 330 3794 ntttnic
347 3743 459 3802 orientis,
478 3751 502 3794 et
520 3746 545 3794 in
563 3743 675 3796 seeundo
693 3743 774 3812 gradu
792 3745 1034 3811 consanguinitatis,
1058 3751 1178 3811 tangente
1197 3745 1320 3808 primum.

207 3830 230 3892 ²)
248 3825 381 3892 ,fidelitas
398 3827 507 3896 supplex
524 3828 555 3880 ad
571 3828 622 3882 Nos
641 3829 762 3898 dirigatur
780 3837 805 3881 et
823 3844 869 3898 pro
888 3845 962 3880 casus
973 3827 1120 3880 diversitate
1139 3828 1216 3896 plane
1230 3827 1318 3879 eodem

247 3913 310 3979 anyto
328 3916 498 3980 concipiatur,
522 3931 572 3983 qno
589 3915 621 3966 ad
641 3915 768 3970 [lateriani
793 3924 836 3966 aut
860 3914 892 3966 ad
912 3914 1128 3966 Paenitentiariam
1154 3913 1318 3966 scribendum

247 4013 304 4058 etit
326 3999 445 4068 diximus3
471 4007 495 4052 et
521 4002 586 4060 sicut
610 4003 636 4062 in
660 4002 887 4072 supplicatione...
912 4002 946 4054 its
976 4000 1001 4054 in
1026 4001 1193 4070 expediendis
1217 4016 1318 4078 quoque
