2736 4660
166 233 230 302 312
570 245 651 301 mnu·
669 248 874 302 mammete.

167 414 253 490 epist.
296 405 331 469 tn
352 423 411 470 una
427 405 539 486 ttipona
566 402 612 466 12.
628 403 769 468 Decemb.
795 403 877 469 1133
900 425 967 468 cum
989 411 1138 487 inspectio
1160 407 1244 469 esset
1267 404 1302 466 dc

100 548 102 553 ,
167 513 264 594 puetta
287 515 456 590 nuncupata
478 507 569 570 tdarta
592 504 713 569 Salome
735 527 752 568 e
775 507 934 574 Germania
957 509 1094 586 oriunda,
1119 510 1191 571 ticet
1213 527 1302 590 pere-

161 621 280 704 grinus,
306 619 357 697 qui
381 611 515 675 eamdem
539 609 576 672 ad
599 609 740 690 Ripanam
763 615 915 678 civitatem
938 615 1075 691 duxerat,
1100 616 1303 675 asseverasset

167 721 270 783 solutis
292 735 433 800 aquarum
458 731 625 794 respersam
648 731 718 776 esse
741 714 869 793 lavacro,
894 723 925 778 et
947 716 1158 798 spopondisset
1180 733 1214 778 se
1228 719 1303 776 mis-

167 841 266 888 suram
299 827 383 882 extra
412 835 467 879 sex
498 835 617 878 menses
646 817 858 880 documentum
888 819 1043 898 baptismi,
1072 823 1203 881 attamen
1235 820 1303 898 quia

166 923 291 1008 hujusce
314 923 394 986 modi
422 921 633 983 documentum
661 925 868 982 transmissum
894 937 953 982 non
985 920 1097 999 iuerat,
1132 939 1190 984 nec
1213 920 1304 1002 quid-

167 1047 255 1114 quam
278 1030 421 1091 rescitum
443 1023 481 1084 de
503 1027 678 1107 peregrino,
704 1028 857 1104 proposito
879 1021 986 1085 dubio:
1010 1043 1047 1085 an
1070 1025 1161 1088 ituria
1185 1023 1303 1086 Satome

167 1133 311 1213 baptizari
335 1129 451 1205 debeat,
477 1128 532 1188 suti
554 1125 757 1190 conditione
750 1145 779 1188 111
803 1143 893 1204 casu,
906 1131 1072 1207 rescripsit
1092 1143 1161 1189 esse
1185 1131 1304 1188 secreto

167 1233 372 1317 baptizandam
395 1231 451 1294 sub
472 1229 658 1307 conditione,
681 1237 710 1290 et
733 1229 868 1310 amptius.

252 1337 306 1400 His
329 1331 524 1417 exposittsS
548 1333 578 1396 C
603 1329 635 1393 G.
657 1331 694 1393 ad
717 1331 849 1407 dubium,
873 1353 910 1395 an
933 1333 1023 1396 Mario
1046 1332 1204 1396 Gatharina
1227 1275 1305 1414 bap-

130 1495 134 1505 ,
168 1445 253 1504 tizari
284 1437 392 1501 debeat
422 1437 477 1500 sub
506 1435 715 1498 conditione
706 1453 737 1494 111
767 1451 859 1513 casu,
895 1441 951 1498 etc.
980 1436 1009 1496 (1.
1040 1435 1068 1498 2.
1093 1436 1190 1498 Martii
1224 1433 1304 1500 titis

168 1541 350 1626 respondet:
373 1537 616 1620 „Nepctme‘sst

588 1708 611 1772 c
626 1726 672 1772 as
687 1727 707 1772 11
720 1726 735 1772 s
763 1708 880 1774 xxvii.

407 1851 702 1927 impedimentum
718 1849 891 1926 ligaminis
909 1849 1062 1912 dubium.

254 1999 341 2076 Beria
370 2033 429 2076 non
456 2011 552 2078 adhuc
582 2018 664 2074 certa
694 2011 731 2075 de
761 1979 858 2086 morte
888 2015 983 2074 mariti
1016 2029 1125 2072 novum
1139 2001 1142 2009 ’
1156 2016 1308 2072 contraxit

168 2121 388 2182 matrimonium
411 2135 479 2178 cum
503 2116 584 2196 (tajo,
608 2115 688 2176 titios
711 2113 791 2176 dubii
816 2118 921 2192 inscio,
946 2113 1026 2194 quod
1050 2115 1226 2198 intelligens
1250 2132 1308 2194 pa-

168 2218 277 2284 rochus
303 2219 401 2281 cidem
422 2217 529 2282 Bertae
559 2217 651 2294 dixit,
683 2235 747 2278 eam
772 2218 821 2280 tati
852 2217 979 2280 durante
1009 2217 1222 2280 incertitudine
1247 2232 1308 2276 non
1362 2297 1363 2300 Ἴ

168 2341 259 2406 posse
282 2328 396 2404 petere,
419 2339 475 2385 nec
495 2319 623 2384 reddere
640 2317 781 2383 debitum.
826 2320 985 2394 Quaeritur
1007 2339 1045 2381 on
1065 2319 1211 2400 parochus
1236 2335 1309 2380 vera
1362 2319 1363 2322 ’

168 2425 327 2491 docuerit?

252 2529 340 2610 Resp.
374 2547 446 2592 vere
478 2527 636 2607 porcetum
667 2527 805 2591 docuisse
829 2483 933 2604 quood
950 2527 1144 2604 petitionem,
1178 2541 1242 2586 non
1265 2529 1311 2586 sic

168 2631 266 2714 quoad
295 2631 386 2696 debiti
413 2630 621 2694 redditionem.
666 2629 752 2692 Retio
778 2630 901 2708 primae
930 2633 1021 2710 partis
1052 2632 1116 2702 cst,
1149 2632 1209 2687 tum
1240 2631 1311 2707 quie

169 2733 257 2798 Beria
281 2751 335 2815 per
356 2738 577 2796 matrimonium
602 2733 651 2794 tati
674 2731 887 2795 incertitudine
915 2736 1099 2792 contractum
1124 2729 1272 2820 nultum
1259 2750 1311 2812 Jus

103 2819 109 2844 ¹
169 2841 327 2916 acquisivit
354 2841 385 2898 in
416 2853 524 2916 corpus
555 2836 699 2914 atterius,
729 2855 796 2898 cum
830 2838 980 2914 possessio
1005 2833 1078 2894 mala
1108 2831 1165 2893 tide
1189 2836 1311 2914 incepta

169 2938 282 3002 nullum
301 2938 415 3002 tribuat
432 2941 494 3020 jus,
521 2944 582 3000 tum
606 2943 674 3020 quia
698 2937 826 3020 petendo
848 2942 879 3004 itt
903 2955 973 2998 casu
996 2953 1029 3000 se
1053 2941 1217 3016 exponeret
1244 2936 1311 2998 ior-

169 3043 328 3114 meatioms
349 3041 500 3122 periculo,
525 3059 632 3122 nempe
655 3042 789 3121 periculo
812 3039 1016 3126 cognoscendi
1040 3027 1153 3117 uirum,
1185 3043 1239 3120 qui
1263 3043 1311 3100 vir

170 3159 242 3206 suus
265 3160 325 3206 non
348 3147 396 3206 sit.
442 3143 528 3206 Ratio
551 3145 706 3208 secundae
727 3148 818 3224 portis
842 3151 897 3222 est,
922 3148 1008 3224 quio,
1041 3161 1109 3204 com
1132 3142 1223 3230 Cajus,
1248 3161 1310 3204 non

170 3243 286 3308 dicatur
312 3253 451 3311 conscius
477 3247 699 3311 incertitudinis
726 3246 845 3324 Boutae,
877 3249 975 3326 potuit
1004 3245 1081 3310 buna
1110 3246 1168 3310 fide
1198 3250 1311 3308 matri-

168 3351 300 3410 monium
324 3368 391 3414 eum
403 3349 489 3413 Beria
512 3350 701 3428 contrahere,
727 3355 757 3410 et
779 3349 912 3430 proinde,
938 3367 1005 3410 cum
1028 3353 1061 3413 vi
1076 3350 1153 3432 juris
1175 3353 1208 3412 in
1234 3367 1310 3411 cor-

168 3468 225 3532 pus
246 3449 354 3514 Bertae
376 3457 530 3532 acquisiti,
561 3461 591 3514 et
613 3459 643 3516 vi
666 3453 760 3516 bonae
783 3452 868 3526 fidei,
896 3456 927 3514 in
950 3469 1007 3532 qua
1030 3457 1209 3536 supponitur
1232 3471 1310 3534 per-

168 3570 326 3632 severans,
350 3561 445 3635 possit
467 3557 547 3618 ticite
570 3579 585 3618 a
608 3556 695 3620 Beria
720 3563 822 3636 potero
846 3555 994 3632 debitum,
1019 3555 1067 3616 itta
1090 3556 1224 3618 debitum
1251 3576 1310 3638 pe-

55 3711 59 3718 .
167 3661 242 3720 tenti
265 3658 336 3739 Gajo
358 3657 508 3743 denegare
531 3660 701 3738 nuliatenus
723 3659 822 3722 debet.
868 3659 940 3722 Tota
970 3657 1045 3722 hacc
1068 3657 1204 3722 doctrina
1234 3659 1310 3722 11111-

169 3761 254 3825 datur
275 3765 307 3824 in
327 3779 391 3842 cap.
413 3763 564 3826 Dominus
586 3762 623 3824 de
646 3763 768 3824 secund.
792 3767 921 3842 nuptiis,
943 3767 974 3826 iu
997 3781 1056 3844 quo
1080 3781 1227 3844 expresse
1251 3763 1308 3824 ha-

168 3864 277 3931 bentur
298 3864 372 3936 haec
386 3865 499 3942 ¹verbm
530 3865 651 3944 „Super
673 3869 889 3944 matrimoniis,
913 3883 989 3948 quac
1012 3866 1132 3948 quidam
1156 3883 1196 3944 en
1220 3865 1307 3928 vobis

197 4033 220 4099 ¹)
237 4033 310 4085 Thes.
328 4033 429 4086 reectut.
447 4033 472 4084 S.
490 4031 517 4084 C.
537 4029 565 4084 G.
584 4031 666 4085 Causa
684 4033 781 4085 Nullius
798 4033 958 4088 itonantutac
976 4019 1034 4088 tom.
1053 4037 1094 4088 ia.
1113 4051 1138 4104 p.
1156 4035 1199 4088 ⁴1.
