2736 4660
163 209 226 282 382
583 227 665 285 cum
691 229 898 288 mammonam

164 391 224 451 sint
244 391 289 449 rel
312 393 462 468 parentes,
494 407 561 450 cum
583 387 639 452 hac
668 389 805 453 libertate
834 391 928 453 solam
958 389 1129 471 linquentes
1161 407 1302 470 sponsam

164 509 230 552 cum
254 489 388 572 sponso?

132 665 133 668 Ἴ
248 593 341 673 ltesp.
364 591 401 656 ad
424 593 443 658 l.
469 613 535 657 cum
558 593 627 656 dist.
673 593 727 657 Vel
749 594 817 658 talla
848 601 1030 658 concurrunt
1060 601 1092 656 in
1115 615 1245 676 sponso,
1272 603 1302 658 ut

86 699 91 714 ¹
163 698 365 760 corriessarius
388 701 482 778 posslt
511 696 668 761 efformare
693 697 840 778 judicium
871 698 1018 778 prudens,
1052 699 1132 780 quod
1155 701 1210 762 ille
1233 718 1302 760 vere

161 799 327 863 doleatde
357 803 542 880 praeteritis,
577 803 607 858 et
640 817 734 880 usque
763 801 799 862 ad
830 806 1050 863 matrimonium
1082 809 1234 866 remotum
1265 809 1303 866 sit

162 903 325 984 periculum
349 903 502 981 relapsus;
531 907 561 962 et
589 905 620 962 in
642 903 693 963 tali
717 921 788 965 casu
811 901 892 983 dico,
923 909 1021 984 ipsium
1050 904 1081 966 id
1103 910 1189 965 recte
1211 923 1303 984 pera-

163 1023 246 1089 gere.
293 1003 347 1066 l'el
377 1010 409 1066 in
437 1004 588 1085 praedicto
620 1023 678 1066 non
710 1013 893 1068 concurrunt
923 1007 1008 1086 talia,
1034 1013 1063 1068 ul
1092 1007 1300 1070 corrfessarlus

161 1107 323 1188 prudenter
345 1113 439 1186 possit
461 1107 518 1169 hoc
537 1107 682 1188 judicium
700 1107 873 1184 ellormare3
897 1116 926 1169 et
951 1117 1020 1171 tunc
1043 1112 1121 1187 dico,
1146 1115 1245 1192 ipsum
1270 1113 1300 1172 id

161 1217 242 1272 recle
273 1229 334 1272 non
367 1227 523 1293 peragere.
569 1209 654 1274 Ratio
683 1215 793 1292 prioris
822 1217 914 1294 partis
945 1229 999 1292 per
1027 1233 1060 1276 se
1096 1221 1193 1295 palel3
1224 1221 1301 1278 ratio

106 1357 115 1372 ι
158 1318 334 1394 posterioris
364 1319 426 1392 est,
461 1317 530 1393 quia
558 1332 616 1375 uon
647 1315 894 1376 concurrentibus
925 1317 1085 1402 praedictis
1114 1322 1146 1378 iu
1174 1335 1300 1397 sponso,

157 1416 206 1478 hlo
228 1423 274 1479 est
296 1415 490 1498 indisposllus
513 1415 550 1478 ad
572 1416 806 1494 absolutionem,
836 1436 913 1498 quae
936 1427 1094 1499 propterea
1129 1425 1158 1480 ei
1181 1424 1302 1500 imper-

160 1525 208 1582 tlri
231 1539 292 1584 non
314 1526 426 1600 potest3
455 1539 511 1580 nec
534 1520 627 1580 rel'erl
648 1525 679 1580 in
703 1519 758 1581 boc
781 1537 869 1598 casu,
905 1521 984 1601 quod
1013 1528 1172 1602 poenitens
1203 1525 1318 1584 relin-.

158 1631 266 1707 quatur
292 1628 323 1684 in
355 1625 488 1703 periculo
520 1627 588 1684 novi
619 1623 786 1705 sacrilegii3
817 1639 884 1683 nam
917 1641 975 1685 non
1004 1631 1050 1685 est
1081 1625 1300 1704 confessarius,

149 1727 208 1810 ‘qui
242 1732 339 1808 ipsum
370 1729 504 1806 posuerit
531 1731 562 1788 in
595 1725 643 1785 tali
675 1725 826 1804 periculo,
859 1724 912 1786 sed
942 1732 987 1788 est
1020 1728 1130 1790 rnalitia
1162 1729 1300 1809 ejusdem

158 1836 270 1912 sponsi,
287 1849 327 1892 ac
350 1847 477 1910 sponsus
494 1833 570 1908 ipse,
594 1832 643 1906 qul
657 1828 751 1890 uoluit
773 1847 806 1890 se
824 1831 880 1888 rite
904 1826 1075 1908 disponere,
1099 1835 1160 1892 imo
1184 1836 1297 1911 posuit,

158 1939 189 1995 et
212 1937 402 2014 prosequitur
425 1949 537 2011 ponere
559 1931 693 2008 obicem,
723 1949 761 1992 ne
783 1951 800 1992 a
824 1931 873 1992 tali
897 1933 1030 2008 periculo
1052 1931 1224 2002 retrahatur
1247 1951 1302 2014 per

158 2037 376 2100 absolutionem
399 2032 657 2096 Sacramenlalem.
702 2033 817 2096 Deinde
837 2039 937 2113 polest
966 2053 1079 2116 sponso
1101 2035 1242 2114 suadere,
1271 2042 1301 2096 ut

48 2215 63 2232 ⁸
156 2143 239 2201 omni
262 2138 349 2202 modo
372 2141 499 2200 conetur
521 2141 618 2198 actum
633 2141 821 2204 contritionis
842 2137 965 2214 elicere,
989 2145 1018 2198 et
1041 2142 1086 2200 siu
1102 2140 1300 2222 sacmlegium

157 2246 263 2304 evihri
274 2239 309 2317 ¹).

187 2439 208 2504 ¹)
226 2437 369 2488 Tridentino
388 2433 503 2502 Synodur
522 2433 586 2484 hacc
605 2431 692 2485 habet:
717 2431 869 2496 „Praeterea
890 2434 977 2486 eadem
998 2434 1109 2500 synodus
1128 2434 1254 2499 hortatur,
1275 2445 1302 2484 ut

225 2521 347 2589 conjuges
365 2529 424 2571 ante
438 2519 642 2570 benedictionem
654 2518 833 2569 sacerdotalem
853 2555 860 2571 .
879 2559 885 2569 .
905 2559 911 2570 .
931 2523 955 2570 in
980 2521 1068 2572 eadem
1088 2519 1163 2570 domo
1181 2537 1232 2570 mon
1255 2539 1301 2572 co-

224 2608 365 2659 habitent.“
401 2601 470 2657 idern
496 2608 520 2655 iu
545 2605 636 2654 ilituali
661 2605 774 2654 Romano
793 2607 984 2670 praescribitur:
1022 2607 1142 2668 „dioneat
1169 2606 1300 2673 parochus

225 2693 363 2761 conjuges,
390 2699 417 2742 ut
435 2699 493 2742 ante
516 2687 716 2740 benedictionem
740 2689 922 2741 sacerdotalem
942 2731 947 2742 .
967 2690 1017 2743 sin
1043 2693 1129 2743 eadem
1150 2692 1227 2742 domo
1247 2709 1299 2743 nou

199 2793 205 2802 ’
225 2779 375 2840 cohabitent,
396 2793 478 2846 neque
497 2778 680 2826 niatriutonlurn
699 2786 882 2840 consumment,
904 2793 951 2829 neo
972 2782 1051 2829 etiam
1068 2777 1146 2827 mmai
1165 2786 1299 2838 nauseant,

225 2870 272 2920 nisi
298 2863 460 2932 parantibus,
479 2862 519 2914 vel
538 2861 592 2914 aliis
612 2863 810 2928 praesentemur·
829 2891 862 2900 -
882 2862 988 2914 Sanctus
1007 2861 1112 2916 Carolus
1129 2862 1248 2914 Burrum.
1275 2867 1300 2914 iu
1354 2895 1357 2904 ·

226 2953 265 3004 vl.
285 2950 433 3019 provinciali
452 2947 566 3000 Concilio
585 2947 649 2998 haec
667 2950 788 3015 praecipit
805 2947 950 3016 Episcopis:
970 2947 1078 3018 ,diuque
1097 2949 1220 3018 Episcopi
1239 2966 1300 3000 cura

225 3042 265 3100 sit,
281 3040 370 3105 poenis
389 3044 412 3085 et
432 3038 548 3085 censuris
567 3049 630 3104 quas
649 3035 767 3084 arbitratu
787 3035 1017 3098 suoconstitucrit,
1036 3038 1143 3098 sancire,
1163 3052 1195 3086 ne
1214 3039 1299 3102 sponsi

223 3125 368 3190 priusquam
388 3129 436 3171 etc.
456 3157 462 3170 .
481 3159 487 3170 .
507 3158 513 3170 .
532 3135 583 3170 non
603 3119 677 3169 modo
696 3135 745 3168 non
763 3119 835 3168 sinrul
855 3114 983 3179 habitent,
1008 3117 1053 3169 sed
1072 3137 1104 3170 ne
1123 3121 1174 3170 ullo
1196 3121 1299 3189 quidem

225 3208 300 3259 modo
328 3216 414 3258 mutua
438 3206 620 3257 cousuetudine
638 3207 822 3256 commerciore
841 3207 970 3255 utantur.“
993 3203 1070 3254 ,Hinc
1088 3201 1163 3256 Card.
1186 3203 1298 3258 lacobus

223 3293 437 3362 Boncompaguus
457 3295 482 3344 iu
500 3309 546 3344 soa
564 3292 673 3346 dioecesi
691 3289 851 3354 bononiensi,
869 3287 982 3340 decrevit
994 3305 1102 3356 pucpanr
1121 3297 1298 3344 excommuni-

224 3382 328 3432 cationis
353 3379 399 3430 sibi
424 3385 578 3442 reservatam¹
602 3379 626 3428 in
650 3392 756 3446 sponsos
780 3375 914 3428 carnaliter
938 3385 996 3426 ante
1020 3379 1205 3430 matrimonium
1235 3397 1297 3445 pec-

224 3473 319 3530 cantes,
338 3473 362 3515 et
380 3467 404 3515 iu
425 3479 513 3515 eorum
534 3471 658 3532 parentes,
677 3465 719 3530 qui
738 3479 790 3512 rem
804 3464 970 3530 permiserint.
998 3453 1298 3529 Cardinaidanrbcrtiui,

224 3558 311 3617 postea
329 3547 425 3602 Rened.
443 3550 508 3602 XIV.
527 3551 562 3600 sic
582 3557 666 3600 monet
685 3548 820 3614 parochos:
845 3543 1049 3611 „Quamobrem
1069 3557 1095 3600 ut
1114 3550 1173 3600 huic
1191 3567 1298 3619 corrup-

222 3635 303 3699 telae,
329 3651 378 3702 qua
403 3649 546 3704 possumus,
572 3637 667 3685 ratione
691 3635 888 3700 prospiciamus,
913 3635 944 3684 ad
962 3633 1086 3700 parochos
1112 3637 1202 3687 iterum
1221 3639 1299 3690 verba

223 3724 410 3784 carantanas,
437 3724 517 3790 iisque
544 3723 712 3787 praecipimus
735 3728 763 3770 ut
786 3733 836 3788 quo
867 3730 981 3788 temporo
1004 3723 1134 3790 inquirant
1157 3739 1171 3774 a
1200 3727 1309 3794 sponsis„

223 3806 256 3857 ad
282 3823 370 3858 eorum
395 3808 581 3857 matrimonium
607 3809 632 3856 ln
651 3805 765 3856 Ecclesia
784 3805 1005 3867 denunciandum,
1035 3807 1137 3858 eosdem
1164 3817 1296 3861 eteorum

225 3901 343 3960 persistas
361 3901 488 3952 moueant,
507 3909 541 3942 ns
560 3877 746 3942 matrimonium
765 3891 914 3942 contrahere
933 3892 1032 3961 lougius
1052 3893 1217 3959 protrahant3
1241 3895 1297 3946 item

224 3977 326 4034 eosdem
345 3987 478 4043 moneant,
503 3996 536 4030 ne
552 3993 667 4050 aliqum
682 3981 772 4047 sponsa·
787 3980 843 4030 crire
860 3977 983 4041 restitus,
1010 3993 1042 4030 ec
1059 3983 1218 4047 peanum
1235 3997 1297 4034 con—
