2742 4660
348 235 386 290 De
403 239 576 300 remrimodio,
595 247 719 309 quamam
736 249 775 292 est
792 240 990 294 &cuneatum-
1187 227 1229 294 23

88 395 221 456 ditiones
242 394 357 456 scilicet
382 393 414 469 1)
437 398 463 456 si
485 393 554 456 linis
576 400 694 478 agentis
717 400 757 458 sit
778 396 938 475 honestus,
969 397 1005 473 2)
1027 403 1054 462 si
1077 413 1165 462 cansa
1187 404 1226 464 sit

87 503 120 557 in
149 515 184 558 so
207 497 284 558 boun
307 498 356 560 vel
383 495 576 574 indifferens,
606 497 641 570 3)
663 502 689 560 si
718 499 814 562 bonus
845 499 971 562 attactus
999 518 1097 582 aeque
1117 507 1231 566 imme·
1281 583 1283 588 ,

16 671 18 676 s
89 601 171 662 dieta
194 609 231 662 u'c
253 600 347 662 malus
374 613 414 660 en
436 617 525 662 causa
547 605 708 680 sequatur,
738 598 774 675 l)
798 606 822 664 st
845 601 941 664 bonus
964 599 1090 668 effectus
1120 606 1229 668 malurn

88 705 195 765 saltem
219 709 402 782 compenset.
414 701 439 776 ¹)
476 703 568 782 Atqui
591 702 646 764 luae
669 701 857 768 conditiones
878 709 910 766 in
932 703 989 766 boc
1011 722 1082 768 casu
1104 706 1214 770 adsunt
1220 727 1230 783 3

89 807 160 867 lunis
182 810 262 866 enim
284 810 402 888 agentis
426 811 472 866 esi
495 805 591 867 bonus
614 806 652 866 ob
675 805 784 868 bonum
807 805 900 886 prolis
922 810 953 868 et
975 805 1044 868 fidei
1066 812 1098 870 et
1120 807 1230 872 Sacra-

92 912 184 970 menti
207 912 239 968 in
262 925 353 969 sensu
376 908 472 970 latiori
478 927 487 982 3
510 926 613 984 causa,
635 925 712 988 quae
734 907 772 969 ad
794 908 872 970 huno
894 908 985 972 linem
1008 913 1142 989 pontiur,
1159 917 1230 974 sct-

90 1013 160 1072 licet
182 1029 339 1090 corporum
363 1012 534 1092 conjunctio
562 1016 594 1072 in
616 1015 819 1088 matrimomo,
849 1017 881 1072 in
915 1029 949 1074 se
978 1017 1025 1074 est
1052 1011 1147 1086 bona,
1178 1021 1230 1078 aul

90 1115 197 1177 saltem
227 1111 416 1191 indifferens,
450 1131 485 1174 uc
513 1118 683 1176 necessaria
712 1113 750 1174 ad
780 1113 890 1178 bonum
914 1113 1071 1193 effectum,
1105 1115 1228 1197 physice

90 1216 189 1298 quoad
212 1215 343 1296 prolem,
373 1222 403 1278 ci
427 1215 579 1279 moraliter
607 1215 706 1295 quoad
728 1214 833 1291 fidem,
861 1222 891 1277 ei
913 1220 957 1280 sic
984 1215 1022 1278 de
1044 1222 1168 1296 ceteris,
1197 1225 1229 1282 ui

92 1325 189 1399 paiet3
212 1337 287 1400 ergo
310 1319 371 1396 ille,
395 1324 446 1400 qui
469 1323 562 1380 utitur
583 1323 773 1382 matrimonio
796 1318 834 1380 ob
855 1318 968 1380 bonum
983 1319 1074 1398 prolis
1097 1325 1127 1382 et
1149 1327 1228 1384 vitae

91 1421 318 1484 consuetudinis
339 1439 394 1484 seu
416 1421 485 1484 fidei
509 1421 744 1500 etSamamenii,
767 1425 861 1484 utitur
878 1422 948 1501 jure
969 1438 1025 1484 suo
1048 1439 1088 1484 ex
1100 1426 1227 1490 naturali

90 1530 120 1584 et
142 1523 243 1585 divina
271 1523 340 1604 lege
363 1541 525 1602 concesso,
555 1542 591 1586 uc
613 1541 646 1586 se
675 1522 765 1586 babet
791 1523 829 1588 ad
856 1521 996 1586 ellectum
1025 1525 1225 1592 mummia.

91 1625 313 1688 vehementiam
337 1625 559 1704 delectationis,
592 1643 675 1688 mere
699 1629 890 1706 permissive,
924 1625 1004 1688 unde
1025 1627 1138 1692 bomini
1164 1633 1227 1690 im-

91 1733 188 1809 putari
213 1747 272 1790 non
297 1726 442 1808 potesi.²)

112 2013 136 2080 ¹)
156 2013 240 2080 Gury,
258 2011 342 2064 'lheol
362 2027 423 2062 mor.
442 2027 467 2061 n.
487 2015 510 2062 i.

112 2118 135 2181 ²)
156 2115 181 2166 S.
198 2115 283 2166 Thom.
299 2131 322 2182 q.
334 2116 375 2165 tt.
386 2115 441 2188 eal.
460 2114 491 2164 ad
507 2115 530 2165 3.
550 2113 803 2182 „superabundantia
823 2116 954 2182 passionis,
973 2129 1037 2184 quae
1056 2113 1114 2165 lacit
1129 2117 1224 2178 vitium,

155 2218 205 2251 non
226 2199 360 2251 attenditur
378 2199 516 2250 secundum
535 2203 724 2268 quantitativam
743 2202 920 2261 intensionem,
941 2199 985 2250 aad
1004 2201 1144 2252 secundum
1164 2219 1224 2268 pro-

153 2291 295 2353 portionem
314 2289 392 2352 ipsius
411 2285 442 2335 ad
455 2288 584 2335 rationem.
603 2283 675 2336 Unde
691 2291 751 2334 tunc
763 2285 842 2335 solum
856 2285 940 2352 passio
959 2293 1089 2353 reputatur
1102 2287 1227 2338 immode-

152 2381 216 2431 rata,
224 2371 323 2440 quaudo
336 2371 426 2422 limites
435 2371 538 2421 rationis
551 2369 661 2434 excedit3
673 2369 807 2420 detectum
817 2377 908 2432 aulem,
918 2385 984 2438 quae
995 2371 1023 2422 fit
1031 2376 1057 2424 ia
1070 2381 1127 2424 ectu
1139 2376 1226 2424 matri-

152 2457 263 2518 moniali,
276 2460 389 2524 quamvis
405 2461 436 2508 sit
446 2459 613 2508 intensissima
629 2455 767 2506 secundum
780 2457 953 2524 quantitatem,
966 2468 1017 2506 non
1031 2466 1115 2510 tamen
1127 2457 1226 2509 excedit

151 2544 243 2594 limites
256 2543 302 2594 sibi
322 2561 335 2594 a
355 2545 450 2594 ratione
465 2542 586 2608 praelixas
600 2549 658 2592 ante
675 2543 823 2608 principium
838 2557 921 2602 suum,
940 2545 1055 2610 quamvis
1069 2545 1093 2592 in
1110 2545 1165 2609 ipsa
1177 2543 1224 2594 de-

157 2630 294 2680 lectatione
306 2631 369 2680 ratio
388 2643 430 2678 eos
443 2628 561 2678 ordinare
573 2643 624 2677 non
639 2631 741 2693 possiti
753 2656 783 2665 —
795 2643 817 2694 q.
830 2625 870 2678 49.
882 2642 904 2678 a.
919 2629 943 2677 5.
955 2643 976 2678 ε.
996 2627 1046 2690 „Et
1059 2627 1114 2677 ideo
1128 2627 1226 2678 duobus

156 2715 217 2765 solis
237 2714 315 2765 modis
335 2714 455 2781 conjuges
475 2713 568 2781 absque
587 2715 654 2762 omni
669 2721 772 2780 peccato
786 2715 947 2773 conveniunt,
967 2712 1062 2763 scilicet
1074 2727 1151 2764 causa
1165 2729 1225 2780 pro-

154 2803 288 2852 creationis
307 2809 330 2850 et
348 2801 424 2850 debiti
442 2799 563 2850 reddendi
589 2798 668 2867 (quod
688 2797 718 2848 ad
737 2797 812 2848 fidem
832 2799 965 2864 pertinet),
990 2798 1049 2849 alias
1068 2813 1168 2866 semper
1186 2807 1224 2850 esi

155 2887 190 2938 ibi
205 2895 343 2955 paccatum,
362 2886 393 2936 ad
406 2888 487 2936 minus
500 2883 605 2938 veniale.
624 2883 683 2934 vide
693 2886 767 2934 ctiam
777 2901 800 2954 q.
812 2885 853 2934 ta.
871 2899 893 2934 a.
906 2887 930 2936 5.
942 2899 963 2934 c.
983 2881 1075 2949 Objicit
1085 2884 1110 2936 S.
1122 2883 1222 2936 Tbom:

154 2973 199 3038 „Si
218 2973 311 3023 bonum
323 2973 388 3022 malo
408 2971 514 3022 addatur
531 2973 556 3021 in
576 2986 669 3038 genere
688 2985 799 3032 morum,
818 2977 896 3020 totum
915 2967 1022 3020 efficitur
1040 2967 1148 3032 malum,
1173 2985 1224 3020 non

156 3069 240 3110 autem
260 3068 340 3109 totum
358 3057 479 3108 bonum.“
500 3066 546 3107 etc.
580 3057 657 3124 liesp,
672 3055 823 3116 Dicendum,
840 3053 908 3123 quod
926 3058 988 3106 ratio
1007 3055 1048 3106 illa
1067 3055 1223 3122 procederet,

154 3149 175 3197 si
188 3145 291 3208 ruualum,
309 3143 376 3213 quod
388 3141 588 3210 inseparabiliter
599 3144 732 3192 comitatur
743 3140 912 3203 concubitum,
931 3150 997 3191 esset
1012 3141 1104 3192 malum
1119 3141 1224 3208 culpde;

154 3248 223 3282 nrunc
233 3240 315 3282 autem
325 3247 375 3280 non
387 3237 423 3279 est
433 3213 525 3278 malum
536 3227 634 3294 culpae,
650 3227 694 3278 sed
702 3245 798 3294 poenae
808 3235 912 3287 tantum,
931 3233 1043 3296 quaeest
1054 3223 1223 3277 inobedientia

155 3319 374 3384 concupiscentiae
394 3313 423 3365 ad
437 3317 571 3378 rationem3
592 3322 617 3364 et
634 3313 690 3363 ideo
708 3327 757 3362 non
770 3313 888 3382 sequitur.
900 3342 934 3349 -
952 3312 1013 3363 Item
1025 3309 1122 3378 objicit:
1142 3309 1222 3362 Vere·

156 3403 249 3453 cundia
267 3417 318 3453 non
337 3409 375 3450 est
390 3402 436 3450 nisi
454 3400 485 3450 de
505 3401 570 3466 turpi
588 3407 659 3462 actu3
679 3398 722 3449 sed
736 3397 801 3450 bona
821 3400 972 3450 matrimonii
990 3413 1041 3448 non
1053 3398 1145 3449 tollunt
1162 3414 1222 3449 eru-

155 3490 308 3541 bescentiam
328 3485 359 3537 ab
377 3483 419 3536 illo
438 3493 507 3548 actu3
527 3501 587 3553 ergo
606 3500 656 3536 non
676 3493 780 3550 possunt
799 3500 933 3548 excusare,
952 3487 1013 3553 quin
1031 3487 1063 3536 sit
1081 3493 1220 3551 peccatum.

155 3576 230 3643 Resp.
254 3573 292 3624 nd
312 3573 359 3622 hoc
383 3565 529 3632 dicendum,
555 3571 621 3640 quod
640 3571 767 3637 turpitudo
785 3569 841 3632 illa,
865 3586 931 3638 quae
946 3585 1046 3636 semper
1064 3577 1102 3620 est
1120 3571 1146 3618 in
1165 3577 1221 3620 actu

126 3645 129 3652 ⁸
155 3659 340 3718 matrimoniali,
361 3666 385 3708 et
399 3658 600 3708 erubescentiam
616 3657 681 3719 lacit,
701 3665 738 3706 est
751 3655 878 3722 turpitudo
891 3671 997 3723 poenae,
1018 3661 1043 3704 et
1055 3668 1105 3704 non
1121 3651 1220 3720 culpae,

155 3750 212 3817 quia
235 3746 267 3797 de
284 3743 395 3813 quolibet
419 3744 518 3796 delectu
535 3744 617 3794 bomo
641 3743 787 3795 naturaliter
811 3741 941 3792 erubescit.
972 3745 1068 3808 quaesi.
1088 3737 1128 3788 ta.
1153 3753 1175 3788 a.
1195 3739 1220 3789 d.

154 3834 184 3885 ad
198 3835 214 3884 2
228 3841 253 3888 et
269 3831 299 3882 ad
316 3829 422 3882 t.-1d
441 3832 508 3881 enim
527 3829 633 3894 (bouum
652 3831 740 3898 prolis)
758 3829 819 3878 tanti
837 3827 895 3878 tecit
911 3824 1047 3892 apostolus,
1067 3830 1093 3872 ut
1111 3821 1217 3874 diceret:

155 3917 317 3982 „Salvabitur
335 3915 427 3968 mulier
445 3932 490 3983 per
509 3915 616 3968 filiomm
633 3918 849 3986 generationem.“
870 3912 892 3968 1.
903 3911 963 3964 Tim.
976 3912 1000 3964 2.
1014 3909 1054 3965 ts.
1070 3938 1104 3946 -
1119 3907 1221 3962 Oatecb

40 4009 45 4016 '
154 4007 224 4058 Rom.
242 4004 259 4056 l.
278 4020 300 4056 c.
318 4010 414 4072 quaest
434 4003 476 4054 23.
494 4004 519 4068 S.
537 4004 561 4054 2.
