2746 4646
331 173 369 226 lla
390 173 577 244 impedimentis
595 173 790 242 impedientibus
807 175 833 226 in
851 178 943 246 epecie.
1169 162 1213 231 69

115 326 165 394 Vl.
234 330 267 392 ln
289 331 383 410 locis,
411 329 461 394 ubi
485 328 638 394 decretum
662 331 752 394 conc.
776 332 857 394 Trid.
888 350 948 396 nou
979 339 1026 399 est
1048 342 1211 418 receptum,

73 432 214 494 ad-lioite
237 432 471 497 contrabendum
491 437 712 496 matrimonium
735 443 853 514 praeter
875 436 1061 500 sacerdotem
1083 457 1143 503 uon
1166 445 1212 502 ri-

71 553 182 617 gorose
206 553 326 614 semper
348 536 408 598 duo
429 536 479 598 vel
502 541 563 598 ires
587 540 679 597 testes
709 542 910 620 requiruntur.
933 538 1019 600 Ratio
1042 545 1105 616 est,
1140 549 1209 626 quia
1284 535 1288 553 ‘

71 657 109 698 ex
127 639 200 719 jure
222 643 346 723 antiquo
370 643 412 700 tot
424 637 567 700 duntaxat
591 644 683 700 testes
706 644 868 702 necessarii
892 645 971 714 sunt,
997 647 1069 721 quot
1091 646 1122 704 in
1140 645 1209 726 jure

70 745 276 822 requiruntur,
301 746 333 802 ut
356 744 576 802 matrimonium
600 748 785 806 contractum
799 748 903 822 postea
924 742 1042 824 probari
1066 744 1170 812 valeat.
1184 745 1208 822 ¹)

69 843 124 906 Jus
148 843 332 906 Canonicum
364 849 465 906 autem
497 841 679 926 regulariter
705 845 825 924 quidem
858 845 932 910 duos
955 846 1061 908 saltem
1084 853 1210 927 requirit

69 951 165 1008 testes
194 945 232 1006 ad
255 947 374 1026 plenam
397 941 540 1022 fidem2),
571 949 646 1019 (non
668 950 766 1006 autern
791 947 906 1026 plures)
941 948 995 1010 sed
1026 956 1095 1010 sunt
1117 955 1207 1018 etiam

68 1067 169 1128 casm,
192 1056 224 1112 in
248 1049 355 1132 quibus
378 1051 467 1110 unius
491 1051 662 1110 testimonio
684 1048 772 1130 plene
795 1049 944 1128 creditur,
968 1070 995 1114 v.
1018 1071 1048 1134 g.
1072 1056 1102 1114 in
1126 1073 1208 1134 casu,

21 1221 23 1236 1
68 1170 128 1230 ouo
153 1152 263 1232 aliquis
293 1155 418 1214 testatur
445 1152 482 1210 dc
503 1147 589 1226 facio
608 1153 756 1231 proprio,
788 1157 963 1230 pracsertim
993 1159 1018 1216 si
1041 1154 1098 1218 boc
1121 1156 1210 1220 iaciat

68 1274 108 1314 ee
131 1253 239 1332 officio
268 1271 324 1314 nec
346 1257 492 1314 interesse
521 1253 628 1314 habeat
654 1271 693 1312 ex
723 1257 901 1319 testimonio.
912 1253 941 1330 3)
970 1256 1055 1320 Unde
1078 1259 1206 1338 videtur,

68 1355 353 1435 proclamationibus
382 1356 468 1418 factis
500 1373 553 1418 seu
582 1355 805 1434 dispensatione
839 1355 876 1418 de
907 1362 945 1420 iis
970 1358 1052 1438 juste
1076 1361 1205 1440 obtenta,

65 1459 259 1520 sacerdosex
275 1459 438 1521 rationabili
448 1475 537 1520 causa
551 1457 708 1520 solussine
719 1457 842 1520 testibus
858 1465 1047 1532 matrimonio
1067 1469 1208 1546 assistere

67 1560 150 1622 licite
169 1579 266 1640 posse,
287 1565 358 1642 quin
374 1565 478 1640 peccet
495 1567 596 1624 contra
614 1561 670 1622 boe
687 1561 933 1640 impedimentum
951 1563 1204 1632 clandestinitatis.

159 1662 329 1737 Quaestio:

152 1765 328 1842 Quaeritur
354 1761 399 1840 1⁰)
423 1764 499 1838 Quid
522 1763 681 1826 dicendum
704 1765 741 1828 de
765 1765 867 1828 valore
891 1773 1089 1848 matrimonii,
1123 1771 1204 1850 quod

69 1868 240 1930 celebratur
261 1871 293 1932 in
315 1868 392 1946 loco,
416 1867 465 1930 ubi
488 1874 641 1946 receptum
665 1874 711 1930 est
728 1867 942 1945 Tridentinum,
968 1870 1005 1932 ab
1026 1873 1132 1936 incolis
1156 1873 1205 1938 lo-

69 1989 185 2050 corum,
210 1975 240 2032 in
263 1969 370 2052 quibus
392 1988 452 2034 non
475 1975 520 2032 est
542 1969 720 2047 receptum?

157 2081 192 2154 il.
216 2072 335 2134 Incolae
358 2072 508 2150 locorum,
531 2076 562 2132 in
586 2071 693 2151 quibus
716 2073 878 2134 Decretum
902 2073 939 2135 de
963 2075 1201 2140 clandestinitate

70 2195 129 2239 non
154 2180 255 2259 viget,
287 2176 355 2237 dum
379 2175 457 2238 ione
480 2181 651 2250 morantur,
680 2176 728 2235 vel
750 2157 906 2238 transeunt
927 2177 1011 2253 loca,
1042 2181 1204 2260 inquibus

69 2285 224 2358 receptum
248 2285 294 2343 est
315 2278 466 2356 Trident,
500 2275 610 2338 ibidem
633 2276 762 2338 invalide
785 2277 963 2340 contrahunt
985 2263 1205 2344 matrimonium

71 2399 130 2444 non
155 2381 286 2446 adhibito
306 2380 435 2460 parocho
454 2382 586 2460 proprio
609 2385 639 2439 et
656 2378 772 2442 duobus
795 2380 899 2442 saltem
923 2377 1098 2455 testibus.‘¹)
1122 2382 1205 2447 Ratio

72 2491 135 2562 est,
169 2488 238 2564 quia
261 2483 404 2564 quidquid
426 2489 465 2546 sit
488 2483 526 2546 de
549 2483 665 2566 legibus
687 2483 771 2557 aliis,
805 2485 956 2566 peregrini
980 2488 1009 2542 et
1031 2484 1155 2564 quilibet
1176 2489 1206 2548 in

142 2739 292 2807 plerumque
318 2737 392 2789 dubia
415 2755 460 2790 eeu
484 2737 549 2790 rnala
572 2737 622 2788 fide
646 2745 724 2804 agurii
747 2753 778 2788 ex
796 2751 902 2788 erronea
927 2739 1094 2800 conscientia,
1120 2745 1206 2804 utpote

141 2827 308 2892 ignorantes,¹
327 2825 374 2875 sub
392 2823 535 2889 hujusmodi
558 2825 753 2874 circumstantiis
777 2822 858 2872 taliter
876 2824 929 2872 eine
953 2830 1057 2889 peccato
1077 2826 1206 2877 matrimo-

140 2913 212 2962 nium
230 2912 287 2962 iniri
306 2925 388 2976 posse,
407 2925 437 2962 ao
455 2909 559 2976 proinde
577 2908 714 2960 formaliter
729 2917 850 2974 peccant,
868 2909 927 2975 quia
946 2917 1024 2976 agunt
1038 2916 1124 2958 contra
1143 2924 1205 2960 con·

141 2996 281 3050 scientiam.
699 2999 705 3010 '
1010 3039 1015 3050 .

101 3081 123 3147 ¹)
143 3079 208 3132 Cum
227 3118 234 3130 .
253 3117 259 3132 .
278 3118 285 3131 .
303 3079 366 3134 tides
384 3078 475 3131 dubiae
493 3081 545 3142 rei,
564 3081 611 3131 nisi
628 3081 727 3130 testium
745 3077 937 3144 approbatione,
955 3078 996 3130 vel
1014 3078 1123 3146 legitima
1142 3095 1204 3130 con-

141 3167 263 3229 fessiope,
287 3165 369 3230 judici
387 3165 440 3218 beri
459 3181 510 3218 uon
528 3164 627 3228 valeat,
644 3171 720 3215 testes
739 3171 822 3216 autern
840 3200 848 3214 .
866 3200 873 3214 .
891 3201 898 3214 .
916 3163 947 3214 dc
965 3161 1048 3216 dubiis
1066 3165 1148 3216 causis
1166 3163 1205 3215 vel

143 3253 251 3320 negotiis
269 3253 437 3302 testimonium
462 3251 546 3302 dicere
564 3267 614 3304 nou
632 3249 748 3312 valeant,
771 3251 820 3302 nial
838 3249 869 3302 de
887 3248 939 3312 bis,
964 3265 1031 3318 quae
1049 3247 1096 3299 sub
1118 3263 1206 3299 eornm

143 3337 287 3404 praeseutia
305 3337 373 3390 lacta
391 3346 542 3390 noscuntur:
566 3343 671 3402 apparet
689 3335 843 3387 claudestina
862 3334 977 3402 conjugia
996 3334 1053 3386 ideo
1072 3349 1128 3384 eece
1146 3349 1206 3399 pro·

143 3423 237 3486 imin,
260 3425 321 3492 quin
339 3423 444 3477 altarum
464 3437 551 3477 eorum
573 3420 731 3490 conjugalem
746 3421 862 3472 allectum
875 3436 903 3472 se
916 3419 950 3470 ad
965 3419 1070 3472 alterum
1084 3417 1204 3481 babuisse

142 3524 238 3577 negare
255 3507 377 3571 voluerit,
399 3508 518 3576 legitimis
542 3507 731 3574 probationibus
753 3508 868 3558 convinci
887 3521 938 3559 non
961 3506 1058 3572 poterit.
1083 3501 1204 3572 [Gratiam

51 3663 53 3670 ,
143 3593 176 3644 ad
195 3609 251 3646 can.
272 3593 311 3646 11.
330 3609 397 3644 caus.
417 3595 457 3646 30.
476 3601 572 3662 quaest.
590 3596 614 3644 5.
633 3591 706 3657 (Pare
724 3591 779 3660 ll.)]

104 3680 125 3744 2)
144 3696 165 3731 c.
184 3681 209 3732 4.
224 3680 269 3730 23.
288 3686 342 3732 test.
363 3687 388 3730 et
404 3687 485 3730 atterat
504 3678 546 3730 lib.
564 3677 595 3730 11.
614 3677 707 3730 decret
725 3680 760 3752 tit.
779 3678 819 3730 20.

105 3763 126 3828 3)
144 3763 271 3830 saunier,
288 3765 330 3817 lib.
349 3765 373 3816 2.
392 3773 421 3816 tr.
441 3766 465 3816 3.
483 3781 505 3816 c.
525 3767 550 3816 5.
567 3766 592 3829 s.
611 3766 635 3816 2.
654 3763 820 3818 Permaneder
837 3761 940 3828 5.,511,

13 3893 14 3896 ,
106 3849 128 3916 i)
146 3850 274 3915 Sancbeu,
297 3849 339 3904 lib.
358 3851 380 3904 ³.
400 3849 462 3918 diap.
482 3850 522 3902 18.
541 3866 566 3901 n.
585 3850 627 3902 26.
644 3877 679 3890 —
695 3847 766 3902 Pont.
784 3847 828 3902 lib.
846 3849 871 3900 5.
889 3863 911 3900 c.
930 3849 954 3900 7.
971 3850 997 3915 §-
1016 3847 1040 3899 6.
1064 3841 1203 3914 coemat

146 3936 237 3991 etalii.
