2742 4660
336 222 577 297 occuparentur·
595 221 944 297 imprecantationes.
1167 207 1208 280 tt

71 390 247 464 praesertim
275 390 308 447 in
331 384 425 450 Gallia
452 392 483 448 et
505 385 632 470 Anglla,
662 387 797 448 omnam
822 389 978 465 acceptum
1005 389 1052 446 est
1078 401 1132 466 per
1158 385 1209 450 rita

72 490 307 569 proclamatione
329 506 384 552 scu
404 489 514 568 edicto,
537 507 597 570 quo
615 492 835 552 matrimonium
852 489 1050 569 proclamatur
1071 506 1126 552 sou
1140 487 1210 550 edl-

70 594 165 670 citur,
197 599 231 655 ut
253 596 278 654 si
301 597 368 672 quis
390 591 491 655 lutura
514 596 723 670 matrimonio,
755 591 835 670 quod
857 589 976 671 publice
1005 590 1208 671 denuntiatur,

68 694 182 773 aliquid
205 695 416 774 opponendum
439 699 524 774 sciat,
548 695 646 758 edicat
667 698 733 756 sive
755 698 893 773 opponat.
924 693 970 754 De
993 697 1110 776 origine
1132 694 1211 756 ban-

69 815 178 859 norum
201 796 346 860 benedtct
367 798 442 863 XlV.
470 803 503 859 in
532 797 614 860 Bnlla
641 796 770 876 „Paucis
797 795 917 858 adhuc‘·'
945 791 994 859 19.
1016 795 1102 861 hlart.
1129 795 1211 862 1758

70 899 144 962 baec
174 901 292 963 scribit:
328 900 417 979 „Odo
440 900 477 964 de
500 900 634 975 Soliacc,
663 899 909 982 vigilantissimus
931 897 1107 962 Parislensis
1128 904 1208 964 anti-

68 1008 144 1080 stes,
176 1007 228 1084 qui
256 1007 331 1064 vixit
358 1003 413 1066 suh
441 1007 561 1066 initium
590 1002 705 1066 saeculi
727 1002 836 1064 decimi
867 1005 963 1080 tertii,
993 1003 1211 1086 promulganda

68 1109 173 1166 statuit
193 1109 225 1166 in
247 1123 319 1168 suae
335 1105 511 1168 dioeceseos
532 1109 661 1186 parociis
684 1107 872 1166 matrimonia
896 1108 1068 1186 priusquam
1090 1111 1209 1170 iniren-

68 1214 126 1286 tur,
151 1214 186 1270 ut
208 1209 324 1270 scilicet
345 1206 402 1272 hoc
425 1215 511 1288 pacto
534 1209 671 1292 dignosci
693 1212 805 1288 posset,
828 1223 900 1270 num
921 1210 1001 1268 inter
1023 1208 1210 1272 Contrahon-

69 1317 112 1372 tcs
134 1311 385 1391 impedimentum
413 1311 525 1374 nullum
553 1311 707 1389 subesset,
739 1316 829 1390 atquc
856 1308 927 1372 inde
954 1309 1209 1374 denuntiationem

66 1419 200 1476 manavit
222 1413 390 1493 exordium,
414 1432 496 1494 quae,
512 1421 574 1477 tum
598 1415 728 1476 bannum
745 1418 932 1492 nuncupatae
953 1412 1083 1478 luerunt.
1112 1414 1208 1478 lano·

66 1521 185 1580 centius
209 1517 257 1580 lll.
268 1515 294 1592 ¹)
322 1517 358 1580 ad
380 1517 560 1598 Episcopum
583 1516 809 1578 Belluacensem
837 1515 874 1576 de
897 1515 1002 1578 eadem
1023 1535 1059 1579 re
1087 1522 1132 1580 sic
1153 1536 1208 1580 re-

65 1624 204 1699 scripsitz
227 1619 329 1698 „Sanc
347 1625 416 1702 quia
435 1626 583 1704 contingit
598 1618 760 1696 interdum,
778 1617 860 1698 quod
874 1618 1023 1698 aliquibus
1037 1619 1207 1684 volentibus
1230 1661 1234 1670 ·

66 1721 245 1784 contrahere
269 1727 500 1801 matrimonium,
524 1724 653 1798 bannis,
676 1728 709 1784 ut
732 1725 790 1784 tuis
812 1722 912 1784 verhis
935 1728 1069 1801 utamur,
1093 1741 1207 1786 secuu-

64 1827 135 1888 dum
161 1825 410 1888 consuetudinem
433 1827 581 1889 ecclesiae
603 1824 913 1910 (gallicanae).editis
930 1871 938 1888 .
954 1867 986 1888 ..
1011 1825 1090 1888 unde
1111 1844 1208 1908 appa-

64 1935 126 2008 rot,
158 1928 420 2008 proclamationem
443 1929 609 1994 bannorum
638 1929 676 1990 ab
697 1927 825 1990 ecclesia
847 1925 997 1990 daturam
1024 1927 1063 1990 ad
1090 1933 1207 1992 ceteras

64 2027 251 2105 manasse.²)
294 2030 377 2094 Haec
408 2032 538 2114 denique
566 2031 768 2110 consuetudo,
797 2049 874 2111 quae
902 2031 1062 2111 usquead
1092 2031 1206 2096 Concil.

64 2134 127 2195 Lat.
146 2133 195 2195 lv.
211 2133 325 2210 (1215)
340 2133 461 2216 vigebat
477 2137 509 2196 in
528 2134 679 2198 nonnullis
695 2133 826 2213 partibus
848 2134 1005 2213 ecclesiae,
1029 2151 1084 2215 per
1097 2133 1207 2198 decre-

64 2243 126 2298 tum
150 2236 239 2318 hujus
262 2236 383 2299 concilii
406 2237 443 2299 ad
466 2240 639 2300 universam
662 2237 821 2300 ecclesiam
844 2243 971 2300 extensa
993 2243 1047 2301 est.
1087 2238 1208 2300 Intelli-

63 2358 139 2422 gens
172 2344 253 2402 enim
287 2339 469 2416 Concilium,
504 2340 680 2421 frequenter
710 2345 907 2424 contingere,
939 2344 972 2402 ut
1002 2339 1206 2404 contrahendo

62 2444 271 2521 clandestino,
310 2441 348 2506 ob
379 2441 528 2506 occultum
562 2441 809 2522 impedimentum
842 2443 986 2506 dirimens
1017 2447 1205 2508 matrimonia

62 2546 186 2608 nullitcr
209 2544 464 2622 contraherentur,
488 2545 650 2625 specialem
672 2546 859 2626 quorundam
881 2545 1017 2610 locorum
1039 2551 1206 2610 consuetu-

62 2647 163 2710 dinem
187 2647 225 2710 ad
247 2648 304 2711 alia
328 2648 513 2731 generaliter
535 2648 725 2731 proroganda
746 2653 849 2712 statuit
870 2654 936 2727 „ut,
959 2666 1027 2710 cum
1049 2651 1207 2712 matrimo-

62 2756 110 2814 nia
133 2751 248 2814 luerint
269 2750 482 2830 contrahenda,
504 2755 538 2812 in
560 2752 689 2815 ecelesia
711 2769 766 2832 per
788 2751 981 2832 presbyteros
1001 2757 1206 2830 proponantur
1305 2803 1314 2812 ,

62 2857 246 2933 competenti
275 2859 402 2918 ternrinc
431 2853 604 2934 praefinito,
637 2861 671 2916 ut
700 2859 781 2916 intra
807 2854 909 2932 illum,
940 2857 991 2934 qui
1015 2853 1144 2916 voluerit
1173 2859 1204 2916 ct

61 2957 207 3034 valuerit,
235 2955 403 3040 legitimum
430 2957 676 3038 impedimentum
707 2964 855 3038 opponat,
887 2962 917 3018 et
947 2958 1005 3036 ipsi
1034 2955 1203 3038 presbyteri

61 3057 257 3122 nihilominus
284 3063 488 3142 investigent,
520 3066 618 3124 utrum
645 3061 766 3142 aliquod
792 3059 1038 3140 impedimentum
1066 3058 1202 3124 obsistat.

62 3162 133 3224 Cum
157 3167 259 3224 autem
281 3167 454 3242 apparuerit
473 3163 633 3243 probabilis
655 3164 828 3245 conjectura
846 3166 948 3224 contra
970 3162 1108 3242 copulam
1124 3181 1203 3226 con-

62 3264 253 3343 trahendam,
287 3270 457 3328 contractus
486 3266 683 3330 interdicatur
711 3281 873 3346 expresse,
906 3263 1002 3326 donec
1034 3265 1106 3346 quid
1136 3266 1203 3330 lieri
1321 3333 1326 3342 ,

61 3367 168 3430 debeat
191 3384 283 3448 super
304 3386 358 3447 eo,
381 3367 549 3434 manifestis
571 3371 739 3432 constiterit
762 3368 958 3432 documentis.
982 3413 990 3429 .
1013 3415 1020 3432 .
1044 3411 1053 3428 .
1077 3367 1155 3434 Sana
1176 3372 1203 3432 si

129 3577 215 3647 aliquo
234 3579 354 3638 sitorum,
373 3591 419 3626 scu
437 3576 520 3643 ipsum
538 3592 638 3646 quoque
656 3576 804 3628 districtum.
839 3573 936 3626 Deinde
954 3573 1054 3625 tanaus
1072 3582 1109 3625 est
1127 3590 1202 3628 excr-

129 3665 216 3714 citium
232 3660 429 3726 jurisdictionis,
448 3661 572 3726 edictum,
590 3662 752 3726 mandatum3
772 3660 884 3712 bannum
903 3675 1009 3729 ponere,
1030 3659 1128 3710 edicere
1145 3661 1161 3712 i.
1180 3677 1202 3713 c.

126 3747 211 3816 legem
236 3747 406 3814 proclamare;
429 3746 528 3800 bannus
546 3765 580 3798 =
598 3748 707 3800 edictum
730 3749 879 3800 citatorium.
901 3775 936 3786 —
959 3745 1064 3797 bannire
1090 3759 1123 3794 =
1147 3745 1203 3797 cdi-

129 3849 205 3896 ccrc,
223 3835 309 3885 citare.
336 3832 452 3885 schiltori
471 3833 534 3886 thas.
553 3833 635 3887 Gloss.
653 3834 722 3887 Teut
742 3852 766 3902 p.
785 3834 833 3896 81,
851 3834 893 3884 82.

90 3918 111 3986 ¹)
132 3918 196 3988 Cap.
215 3923 258 3973 2⁷.
275 3920 307 3973 X.
325 3919 357 3971 de
375 3919 542 3988 sponsalibus.
567 3919 722 3990 Van-Espen
741 3933 799 3989 pars
816 3918 848 3972 il.
866 3926 926 3973 rect.
947 3917 969 3970 1.
986 3919 1022 3969 tit.
1042 3917 1082 3970 12.

87 4006 109 4073 ²)
127 4005 172 4058 lib.
191 4007 216 4058 1.
234 4008 271 4057 tit.
289 4007 315 4059 3.
332 4005 363 4058 il.
383 4021 439 4074 cap.
457 4006 482 4060 3.
500 4005 532 4057 de
550 4004 671 4060 clandcst

103 4211 111 4242 1
