2746 4646
294 221 334 277 nc
349 221 541 290 ιψιιιιιιιι
559 225 746 279 armacan-
762 225 944 288 musam-a
1126 209 1185 284 tit

46 381 168 444 maculo
180 383 465 464 consanguinitatis,
488 385 578 460 nimae
593 379 705 445 dirimit
726 399 767 446 ex
778 381 883 448 eadem
899 387 1015 448 mdccc
1029 388 1188 450 matnimo-

46 489 140 560 nium,
164 502 205 548 ex
226 503 284 565 qua
302 489 332 546 et
344 489 600 566 consanguinitas.
623 484 799 548 sicutenim
817 490 898 550 inest
910 491 1074 554 necessitas
1087 505 1188 569 ιιιιιιο-

46 586 113 648 dam
123 585 316 654 cohabitandi
334 593 365 650 et
381 587 864 671 communicandiconsanguineis
887 588 925 652 nd
936 593 1080 666 invicem,
1101 595 1142 654 ita
1156 597 1188 656 et

45 689 201 764 sllicitum
224 697 255 752 et
276 695 354 752 sicut
374 697 422 752 est
439 688 588 770 quoddam
615 693 765 752 amicitiae
782 691 935 754 vinculum
953 696 1033 756 inter
1054 711 1187 758 consan-

45 799 174 876 guineos
187 799 229 856 ita
239 797 318 854 inter
328 789 484 868 aionem
500 790 651 854 vinculum
666 797 765 854 tamen
774 791 928 856 affinitatis
937 801 986 856 est
996 799 1095 860 minus
1108 796 1187 860 loric

45 915 134 978 quam
158 899 433 979 consanguinitatis,
458 913 525 958 cum
548 892 677 956 allinitas
699 913 739 956 ex
761 901 1023 980 consanguinitate
1045 906 1186 967 canuntur

45 1005 76 1062 in
98 1000 271 1066 diversitate
294 997 446 1078 comici),
471 998 550 1060 unde
568 997 685 1060 facilius
707 1004 739 1060 et
760 998 832 1062 olim
855 1004 886 1060 ct
908 1017 988 1064 nunc
1002 1000 1187 1082 dispensatio
1225 1063 1228 1072 .

44 1103 77 1166 lit
97 1108 130 1166 in
152 1102 295 1185 gradibus
316 1101 468 1166 affinitatis
491 1117 580 1180 quam
602 1104 881 1184 consanguinitatis.
925 1102 1085 1182 Similiter,
1115 1105 1187 1171 iicet

44 1223 84 1270 ex
106 1206 213 1286 copula
234 1205 336 1270 illicita
359 1204 488 1271 affinitas
510 1207 633 1280 oriatur,
658 1203 809 1269 vinculum
831 1204 1009 1287 illegitimae
1029 1205 1186 1273 affinitatis

44 1314 144 1372 minus
167 1310 244 1372 lorte
266 1315 322 1386 est,
346 1327 435 1390 quam
458 1308 630 1390 legitimae,
654 1312 723 1386 quia
754 1307 927 1387 conjunctio
950 1313 1006 1370 uiri
1029 1315 1060 1370 ct
1082 1313 1186 1374 uxorb

43 1417 75 1474 ic
99 1415 287 1485 nnntrimcnic
310 1429 372 1474 non
394 1415 508 1476 tantum
531 1413 668 1478 consistit
689 1413 722 1470 in
743 1410 849 1490 copula
871 1411 994 1490 carnali,
1017 1411 1073 1474 sad
1094 1417 1186 1476 etiam

43 1521 73 1576 io
93 1518 367 1579 coananummticne
397 1531 522 1593 operum
551 1519 583 1576 et
610 1511 783 1574 individuae
814 1514 1056 1593 concamiudinis,
1086 1514 1187 1578 iorni-

43 1623 142 1683 carius
171 1624 271 1682 nutem
300 1616 476 1680 concubitus
498 1614 673 1678 allinitntem
701 1621 826 1680 eatenus
855 1623 969 1680 mnium
999 1622 1121 1696 musei,
1153 1621 1186 1680 in

42 1728 187 1802 quantum
209 1721 280 1802 qnuid
302 1718 450 1783 habaida
473 1721 584 1782 carnali
607 1715 864 1801 conjuncticnc³).
893 1719 970 1782 llinc
991 1718 1123 1784 alliniias
1145 1739 1186 1784 ex

37 1826 106 1905 jnre
129 1825 256 1888 naturali
280 1841 342 1887 non
354 1823 467 1912 dirimit
482 1827 714 1900 matrimonium,
739 1826 796 1884 nisi
814 1823 901 1904 juxta
917 1822 1018 1902 plures
1039 1827 1072 1886 in
1088 1825 1189 1904 primo

41 1928 137 2010 gradu
160 1929 258 1995 lineae
282 1933 399 2002 rectae,
434 1926 549 1990 scillcet
570 1930 648 1988 inter
670 1929 809 1988 vitricum
832 1929 863 1986 et
886 1929 1072 2008 privignam,
1105 1930 1185 1992 inter

40 2049 161 2092 socrum
185 2037 215 2092 et
237 2047 403 2114 generum,
426 2032 458 2092 in
479 2047 539 2109 quo
562 2046 635 2092 casu
657 2027 794 2090 Ecclesia
821 2028 926 2090 saltem
948 2028 1052 2092 audibi
1074 2028 1186 2113 legitur

40 2134 248 2213 dispensasse,
278 2140 311 2196 et
337 2139 370 2194 nt
399 2137 524 2196 testatm
545 2131 725 2194 Benedictus
747 2129 824 2194 XlV.
852 2130 902 2194 lib.
929 2129 976 2196 14.
1009 2130 1048 2194 de
1076 2132 1185 2212 synod.

41 2235 173 2300 dioeces.
198 2254 224 2298 c.
253 2233 305 2300 39.
351 2233 525 2312 Pontifices,
558 2235 629 2298 licet
652 2238 771 2314 saepius
793 2238 948 2318 rogatl,a
980 2233 1184 2314 dispensando

41 2356 162 2419 semper
183 2337 406 2416 abstinuerunt,
439 2336 713 2403 contradicentibus
745 2343 845 2398 tamen
873 2353 933 2400 non
964 2341 1066 2416 nands
1092 2342 1185 2402 etiam

40 2447 69 2504 in
92 2440 151 2504 lroc
175 2459 257 2519 casu,
280 2445 455 2520 praesertim
476 2459 517 2502 ex
540 2445 690 2502 sententia
721 2444 809 2502 trium
832 2438 1032 2503 Conciliornm
1056 2444 1185 2520 prouin-

41 2546 160 2606 cialium
190 2545 310 2606 saeculo
337 2551 424 2606 sexto
455 2541 644 2620 habitorum,
675 2541 1005 2626 compescentium,
1036 2541 1107 2605 Gan.
1130 2537 1183 2606 21.

41 2647 228 2726 Epalmensis
246 2647 315 2710 Gan.
331 2643 381 2710 00.
406 2653 436 2708 ct
460 2651 538 2707 tertii
557 2645 788 2708 Aurelianensis
816 2661 881 2706 can.
908 2644 955 2711 10.
978 2662 1056 2725 quae
1073 2643 1183 2724 jubent
1239 2621 1252 2642 '
1298 2647 1301 2652 '

41 2749 211 2832 hujusnaodi
245 2750 388 2832 conjugia
426 2755 458 2812 in
489 2749 663 2812 infidelitate
696 2754 848 2812 contracta
880 2765 940 2810 non
969 2764 1038 2810 esse
1070 2746 1184 2811 dissol-

41 2850 187 2930 vendat).
233 2853 311 2916 ldem
336 2857 425 2928 ctiam
448 2861 563 2918 certum
591 2853 711 2918 uidetur
734 2854 772 2916 da
794 2851 939 2916 adinitata
960 2854 1047 2931 primi
1069 2850 1183 2936 gradus

41 2958 139 3020 lineae
163 2961 263 3018 rectae
291 2975 331 3020 ex
358 2957 462 3036 copulo
493 2959 614 3034 illicita3
644 2957 723 3020 unda
752 2962 784 3021 in
806 2956 862 3020 hac
892 2953 1035 3018 allinitate
1058 2954 1185 3035 danen-

41 3066 95 3124 sari
122 3061 210 3134 solet,
233 3059 337 3120 saltem
360 3067 393 3122 ut
414 3064 460 3122 vir
483 3061 571 3123 ducat
593 3063 684 3136 illam,
707 3062 793 3144 cujus
816 3063 941 3121 matrem
963 3061 1116 3142 cognovit.
1177 3091 1181 3096 ·

128 3163 162 3225 ll.
212 3160 382 3224 Verisimile
414 3169 479 3242 est,
519 3169 740 3226 matrimonium
772 3163 877 3225 saltem
908 3167 989 3224 inter
1017 3161 1128 3222 limitas
1150 3163 1183 3222 in
1307 3147 1318 3166 ⁸

41 3267 108 3350 lege
124 3265 266 3345 Mosnlca,
300 3265 411 3343 thevit.
438 3265 484 3331 18.
509 3265 539 3332 8.
566 3267 631 3344 15.)
654 3271 782 3346 statutos
804 3265 1076 3330 interGhrlstlancs
1099 3281 1184 3326 sem-

43 3427 249 3438 -n——u-

67 3485 90 3552 1)
109 3485 134 3536 S.
153 3483 240 3534 Thom.
259 3478 342 3547 suppl.
361 3485 456 3546 quaest.
476 3477 517 3528 55.
536 3491 559 3527 a.
579 3476 603 3528 6.

68 3574 90 3636 ²)
110 3570 136 3622 S.
154 3569 199 3620 ita.
219 3555 301 3636 supbl.
319 3584 343 3635 q.
361 3568 404 3616 55.
424 3580 446 3615 a.
465 3565 490 3616 8.

67 3656 91 3721 ³)
110 3655 135 3708 S.
154 3655 241 3705 l'hom.
260 3653 343 3720 suppl.
365 3669 389 3721 q.
408 3654 450 3704 55.
469 3665 493 3701 a.
510 3651 536 3702 l.
573 3647 657 3712 „Onia
682 3646 821 3700 secunmam
844 3645 887 3710 jus
906 3643 1021 3696 naturale
1045 3658 1077 3694 ex
1094 3641 1186 3710 copula

110 3741 197 3792 illicita
215 3743 295 3790 oritur
313 3739 414 3808 quidem
433 3737 517 3806 aliqua
537 3736 655 3796 affinitas,
673 3732 717 3786 sed
737 3749 786 3786 nco
800 3742 851 3784 tam
866 3734 986 3802 perlecta,
1005 3731 1069 3782 sicut
1087 3744 1119 3780 ex
1137 3743 1184 3780 co-

112 3827 171 3894 pula
190 3825 326 3894 conjugali.
345 3824 483 3892 Laymann.
501 3821 543 3874 lib.
562 3824 585 3874 5.
604 3830 635 3874 tr.
656 3818 696 3874 lo.
714 3837 741 3892 p.
758 3822 782 3876 t.
800 3837 823 3876 c.
842 3822 866 3876 0.
902 3816 976 3873 cont.
995 3812 1185 3869 cccxxxiv.

113 3911 214 3966 XXXV.
232 3910 366 3964 XXXVlll.

72 4002 95 4070 ⁴)
113 3999 191 4053 Dens.
209 3997 297 4054 Theol.
315 3996 347 4050 dc
365 4004 439 4050 meir.
458 4013 483 4048 n.
503 3995 561 4052 101.
