2746 4646
186 245 248 316 114
431 256 470 316 oe
484 261 671 332 impedimentis
689 263 873 318 matrimonium
889 262 1079 336 emarcum

271 423 439 498 Quaeritur
455 417 510 497 3⁰)
533 437 571 482 ex
594 439 653 500 quo
670 421 740 500 jure
773 424 996 487 matrimonium
1019 429 1115 486 rutum
1147 422 1328 486 dissoluatur

182 527 308 590 solemni
341 526 497 608 religionis
525 523 703 612 approbatae
740 523 928 604 professione
957 531 987 588 et
1017 523 1045 589 S.
1074 525 1232 590 Pontificis
1265 527 1329 590 dis·

112 664 113 668 =
184 628 383 710 pensatione?

200 784 203 789 .
267 739 301 812 p.
327 729 371 804 l).
416 730 461 790 De
483 731 669 810 professione
702 729 859 812 religionis
888 731 1067 810 approbatae
1089 733 1231 812 merique
1255 732 1327 796 doo-

181 841 262 898 tores
284 833 361 913 apud
383 831 516 896 Soncbeu
539 832 557 896 l.
581 832 609 896 2.
634 831 709 911 disp.
737 829 785 895 te.
810 837 998 910 existimant,
1031 850 1086 915 per
1105 835 1188 898 illam
1214 841 1320 898 matri-

182 940 314 1020 monium
349 933 471 996 dissolvi
509 953 548 996 ex
576 935 647 1014 jure
677 935 818 1014 naturali,
856 936 905 998 vel
942 937 1047 1000 saltem
1085 936 1189 1002 divina
1219 937 1326 1002 Christi

154 1041 339 1117 'traditione
375 1056 410 1098 ac
441 1038 616 1119 privilegio;
656 1037 709 1098 sed
741 1037 924 1117 probabilius
962 1039 1130 1104 dicendum.
1161 1047 1230 1120 est,
1267 1042 1326 1106 solu

180 1141 335 1206 Ecclesiae
356 1145 533 1202 auctoritate
556 1155 642 1220 quarn
667 1157 721 1220 per
744 1143 981 1220 antiquissimam
1015 1141 1211 1210 trudioouom
1237 1163 1327 1206 ucce-

181 1249 289 1326 pimus,
311 1242 513 1306 introductum
532 1257 616 1320 esse,
639 1248 672 1306 ut
686 1259 742 1322 per
762 1248 831 1304 vota
850 1243 996 1309 solemnia
1015 1244 1175 1328 roligionis
1191 1247 1327 1310 soluatur

180 1350 404 1410 matrimonium
426 1350 533 1421 rutum,
564 1348 589 1406 si
612 1349 694 1406 euim
717 1348 937 1408 matrimonium
957 1346 1027 1426 jure
1049 1349 1177 1412 naturali
1201 1355 1259 1412 aut
1280 1350 1325 1412 di-

178 1455 251 1513 -vino
274 1467 328 1530 per
350 1454 418 1512 vota
441 1447 585 1510 solemnia
609 1447 788 1525 solveretur,
811 1445 940 1526 idipsum
964 1453 1055 1512 ctiam
1070 1449 1156 1514 steret
1177 1469 1236 1532 por
1260 1460 1324 1516 vota

181 1554 340 1634 simplicia3
375 1549 615 1631 quandoquidem
648 1555 784 1612 votorum
816 1551 987 1614 solemnitas
1018 1556 1048 1612 et
1078 1572 1105 1616 a
1136 1555 1324 1634 simplicibus

178 1657 396 1718 discriminatio
419 1655 484 1716 solo
507 1652 711 1716 ecclesiastico
729 1653 798 1732 jure
821 1654 988 1718 introducta
1013 1653 1107 1730 est¹t

153 1735 157 1756 ¹
266 1759 311 1834 2).
334 1757 446 1818 Pariter
468 1755 625 1818 dicendum
649 1761 695 1816 est
717 1755 754 1818 de
776 1761 885 1818 surnrni
908 1756 1059 1823 Pontificio
1082 1765 1235 1838 potestate
1258 1762 1322 1828 dis·-

179 1859 314 1924 selvendi
338 1859 536 1938 dispensando
560 1861 781 1926 matrimonium
809 1863 922 1935 ratum,
946 1859 1079 1939 scilicet,
1102 1863 1185 1927 illam
1208 1863 1322 1926 funda·

180 1969 240 2024 tam
264 1964 332 2024 esse
355 1979 416 2024 uon
435 1965 467 2024 in
488 1961 589 2051 aliquo
611 1962 734 2040 speciali
759 1962 933 2044 privilegio,
957 1963 1010 2028 sao
1030 1967 1066 2026 in
1087 1964 1244 2032 ordinaria
1267 1972 1321 2047 ipsi

180 2074 319 2149 tanquam
349 2069 462 2128 vicario
485 2063 539 2126 Dei
570 2068 728 2128 commissa
762 2061 903 2130 facultate
924 2064 1037 2147 ligandi
1068 2071 1099 2130 et
1120 2067 1264 2133 solvendi
1286 2088 1320 2132 ac

204 2333 373 2403 ¹)'taymann
393 2337 409 2389 l.
428 2354 450 2389 c.
469 2353 490 2388 o.
510 2339 533 2390 6.
552 2325 577 2388 ιι.
596 2337 619 2388 3.
639 2333 862 2388 ΓοιιιιιΙιιῬὶΙΙει.
882 2335 923 2386 lib.
942 2337 966 2388 3.
985 2339 1020 2388 tit.
1039 2329 1080 2388 2'2.
1094 2333 1122 2390 c.
1139 2340 1164 2392 2.
1181 2333 1320 2404 ‚,A'ccedit‚

242 2419 309 2490 qdod
334 2425 416 2473 omnis
443 2423 562 2492 obligatio
582 2430 662 2490 potest
680 2424 828 2472 commutari
853 2424 877 2472 in
902 2421 996 2472 bonum
1017 2421 1148 2477 evidenter
1166 2427 1273 2488 melius,
1299 2431 1318 2477 si

240 2521 291 2556 non
316 2517 436 2576 sequntur
462 2512 525 2559 tertii
552 2508 732 2576 praejudicium
757 2506 949 2560 considerabile.
987 2505 1091 2560 Goustut
1114 2501 1199 2563 nutem
1226 2521 1317 2564 statum

192 2615 206 2626 ‹·
240 2592 383 2660 religiosum
410 2595 540 2657 euidenter
563 2595 691 2646 meliorem
716 2609 772 2644 esso
793 2595 967 2658 matrimonio3
998 2597 1102 2665 iusuper
1123 2613 1175 2648 rou
1203 2601 1318 2666 sequitur

240 2682 304 2733 tertii
321 2679 513 2746 praejudicium,
533 2697 589 2744 curn
607 2695 717 2747 persona
734 2679 848 2748 conjugis
867 2679 954 2745 illaesa
973 2689 1121 2748 atacem,
1109 2690 1133 2732 at
1153 2698 1211 2737 cum
1232 2684 1316 2754 faoul7

239 2772 290 2816 tate
309 2765 472 2821 contrahendi
497 2765 564 2818 aliud
591 2767 823 2837 matrimonium...
850 2763 923 2819 Ratio
948 2766 1115 2831 (differentiae
1139 2771 1205 2833 inter
1225 2773 1315 2822 matri-

179 2829 184 2844 ’
240 2836 353 2903 monium
375 2837 455 2902 ratum
480 2833 506 2902 et
524 2854 735 2916 consummatum)
754 2853 869 2918 provenit
892 2869 923 2907 ex
946 2867 990 2915 eo,
1018 2855 1077 2922 quia
1102 2856 1127 2904 in
1153 2858 1315 2907 matrimonio

133 2970 137 2976 .
239 2945 411 2986 consummato
434 2937 507 2988 datur
534 2936 651 3003 obligatio
676 2945 797 3004 perpetuo
821 2935 995 2998 cohabitandi,
1027 2945 1051 2988 ct
1075 2941 1149 2990 etiam
1173 2943 1311 2993 intervenit

239 3023 366 3087 reciproca
390 3021 503 3084 traditio,
527 3039 571 3090 per
594 3037 669 3091 quarn
690 3030 794 3091 uterque
817 3021 911 3086 conjux
935 3023 1008 3074 tradit
1032 3023 1102 3076 alteri
1125 3029 1313 3092 possessionem

240 3108 278 3156 aui
303 3105 412 3174 corporis
429 3108 459 3158 ad
478 3127 549 3160 usum
575 3107 746 3176 conjugii3...
773 3108 798 3156 in
819 3111 975 3160 matrimonio
998 3125 1059 3160 vero
1082 3117 1137 3160 rato
1165 3110 1224 3160 licet
1248 3111 1313 3162 adsit

240 3191 363 3260 quaedam
382 3189 494 3244 virtualis
515 3197 651 3261 promissio,
672 3187 809 3264 perquam
830 3180 950 3262 conjuges
968 3198 1104 3263 acqttirunt
1124 3197 1252 3264 quoddam
1269 3198 1312 3262 jars

177 3288 180 3296 ⁴
212 3276 422 3344 adpetendam
442 3293 625 3346 posessionem
650 3281 751 3331 alterius
771 3281 907 3348 corporis
908 3279 953 3330 ad
959 3281 1034 3331 linem
1051 3279 1221 3344 matrimonii,
1247 3299 1315 3334 non-

238 3362 296 3413 durn
318 3373 400 3443 tamen
420 3365 524 3416 habet
517 3381 596 3431 ipsam
621 3367 819 3433 possessionem,
845 3374 870 3416 ct
888 3365 944 3417 ideo
962 3365 1074 3434 quilibet
1084 3383 1115 3418 ex
1132 3367 1167 3418 eis
1184 3376 1270 3434 potest
1288 3386 1316 3420 oe

236 3448 290 3500 Deo
314 3459 359 3516 por
382 3457 473 3501 statum
499 3449 639 3520 religionis·
651 3451 765 3514 tradere,
794 3453 851 3520 quia
875 3431 1013 3524 dondrrium
1033 3453 1071 3503 sui
1098 3456 1209 3522 corporis
1229 3453 1314 3518 habet

163 3549 167 3556 ·
236 3533 307 3597 Quae
325 3539 389 3587 ratio
407 3553 524 3604 expresse
542 3537 678 3587 deducitur
693 3553 731 3588 ex
742 3540 869 3616 praesenti
887 3545 978 3589 tetrior
996 3535 1078 3600 „outa
1098 3540 1154 3590 curri
1174 3548 1226 3590 non
1246 3541 1313 3592 fuis-

199 3639 202 3646 ·
233 3630 289 3672 sent
306 3639 359 3672 unu
377 3639 438 3672 cuno
457 3621 529 3672 simul
548 3621 638 3684 effecti,
657 3625 715 3674 satis
734 3632 816 3690 potest
836 3638 901 3673 unius
919 3623 949 3674 ad
969 3621 1050 3674 ceum
1070 3627 1186 3686 transire·
1205 3632 1233 3676 et
1250 3627 1313 3678 alter

233 3705 258 3757 ln
277 3707 377 3758 saeculo
396 3722 535 3769 remancre.
572 3705 604 3758 m
623 3705 741 3776 probatur
763 3707 827 3760 haec
846 3707 1011 3760 differentiae·
1021 3710 1088 3784 'ratio
1107 3707 1310 3778 exemplo'ven-

162 3789 166 3798 ’
234 3791 349 3857 ditionis,
374 3808 435 3859 nam
457 3797 522 3844 sicut
539 3795 663 3860 venditio,
692 3799 715 3846 ἰιι
741 3811 790 3887 qpa
815 3792 1310 3856 nulla'traditio·intercesstt,‘soluitur

230 3887 278 3944 per
295 3878 467 3943 secundam
460 3897 484 3931 m
504 3895 552 3948 qua
568 3881 666 3932 traditio
684 3877 768 3933 secuta
788 3882 848 3945 fuit
866 3883 899 3932 ita
918 3884 994 3932 etiam
1012 3874 1201 3932 matrimonium
1217 3890 1308 3948 ratum,

232 3966 257 4016 lu
277 3981 325 4033 quo
343 3981 394 4016 non
413 3975 451 4017 ost
469 3975 554 4018 secuta
571 3967 697 4032 traditio
711 3967 834 4069 dirimitur
852 3981 898 4036 per
916 3967 1075 4066 traditionem
1085 3965 1191 4067 foetam
1207 3967 1305 4020 libain

236 4050 409 4124 religionem‘
750 4063 771 4077 ·'
