2742 4660
167 185 218 254 ⁴8
387 289 389 294 Ι
426 199 477 255 oe
493 199 678 270 mmmmm
695 197 891 270 reparamus
905 200 936 253 u
953 199 1047 270 men.

175 379 215 424 ne
242 365 398 443 parentum
418 358 499 426 dieta
528 365 580 422 aut
599 363 666 424 aeta
695 363 890 424 contemnere
911 348 1065 439 videatur,
1095 357 1145 422 obi
1172 355 1315 440 iutelligit

177 464 299 544 motum,
324 467 453 527 mentem
476 481 560 526 suam
584 481 738 544 exponere
761 467 893 538 tenetur3
915 467 1018 548 igitur,
1042 466 1067 526 si
1091 467 1188 541 tacet,
1213 465 1244 522 et
1267 459 1316 521 i-

107 591 111 598 ·
177 575 257 631 etum
280 568 336 631 slbi
359 566 518 647 displicere
540 582 600 628 non
623 571 781 647 exprimit,
804 574 1006 649 praesumitur
1027 569 1205 632 consentire.
1254 563 1316 626 lloo

176 676 277 736 entem
300 687 338 731 ex
357 672 435 753 juris
456 651 652 754 disposfiio'ne
675 689 735 732 nou
758 671 838 732 valet
860 671 899 734 de
920 671 1071 750 iratribus,
1094 671 1243 753 cognatis,
1266 673 1318 728 tu-

177 773 292 838 toribus
315 777 346 838 in
369 773 494 836 illorum
511 777 632 836 uomina
654 774 792 836 similiter
814 762 981 858 agentibus.

265 869 439 961 Quaerite!
457 874 525 954 5⁰):
561 875 610 938 An
632 877 783 957 sponsalia
805 877 903 940 valide
932 896 967 940 ao
994 878 1076 940 licito
1104 880 1173 938 iniri
1203 878 1320 956 possint

179 979 270 1044 modo
292 979 503 1042 clandestino?

265 1088 299 1165 lb.
322 1081 527 1161 affirmative,
552 1081 654 1144 odida
675 1101 715 1144 oc
736 1083 827 1143 licite.
873 1083 959 1147 Ratio
982 1088 1044 1162 esi,
1075 1085 1144 1162 quia
1167 1079 1321 1162 sponsalia

180 1187 374 1266 clandestina,
393 1187 463 1268 jure
482 1183 608 1247 naturali
631 1201 686 1264 per
700 1201 734 1246 se
748 1184 857 1264 valida,
881 1185 960 1250 nulla
983 1185 1053 1268 lege
1075 1189 1201 1267 positiva
1220 1201 1322 1263 neque

166 1291 281 1354 ‚divim
297 1307 401 1372 neque
423 1287 627 1352 ecclesiastiea
647 1292 716 1350 sunt
732 1291 848 1350 irritata
870 1293 921 1350 aut
941 1287 1094 1370 prohibita.
1110 1288 1209 1349 -lta
1233 1304 1324 1348 com-

181 1396 312 1458 muniter
326 1391 491 1455 Gardinells
507 1390 700 1456 Consolatio
723 1393 868 1470 rescripto
889 1390 927 1453 ad
949 1391 1094 1454 Batonem
1118 1391 1156 1454 de
1170 1391 1325 1452 Wessen-

164 1495 267 1580 -berg,
290 1493 570 1558 Administratorem
593 1497 666 1555 iuno
683 1493 822 1556 Dloeces.
837 1493 988 1558 Constant.
1012 1493 1060 1555 die
1080 1492 1129 1557 15.
1143 1491 1207 1554 Oct.
1227 1487 1324 1568 1817,

179 1598 343 1662 lateralia
365 1601 455 1660 etlam
478 1597 535 1660 boo
556 1595 765 1678 reprehendit,
793 1595 947 1676 quoditie
975 1595 1195 1658 administrator
1218 1599 1326 1656 contra

176 1717 305 1770 sensum
321 1699 552 1780 etdiscipliuam
566 1697 719 1762 Ecclesiae
733 1702 897 1775 statuisset,
915 1699 1073 1779 sponsalia,
1091 1705 1123 1761 ut
1139 1701 1198 1760 sint
1211 1696 1324 1774 valida,

165 1805 301 1866 suomet
317 1801 422 1884 ,aliqua
440 1802 630 1864 solemnitate
648 1806 679 1862 et
696 1799 874 1864 formalitate
897 1799 1031 1864 coutrold
1049 1817 1147 1881 posse.
1158 1795 1185 1873 ¹)
1207 1798 1329 1871 Quam-

170 1904 289 1970 obrem
302 1903 417 1967 viribus
438 1907 560 1968 omnino
584 1921 709 1966 caruere
732 1902 877 1985 quaedam
900 1908 1126 1966 constitutiones
1149 1908 1210 1964 tum
1226 1917 1330 1981 syno-

169 2001 286 2088 adalos,
310 2013 373 2075 tom
396 2005 511 2084 civiles,
534 2008 732 2086 respicientes
754 2005 904 2086 sponsalia
921 2005 1115 2080 clandestina,
1138 2009 1205 2068 utut
1222 2003 1330 2085 justae

172 2113 220 2174 -et
238 2114 364 2174 mactae
382 2107 569 2186 viderentur,
592 2114 682 2188 atque
704 2107 743 2170 ad
764 2125 873 2192 graves
896 2106 1093 2171 eliminandos
1114 2107 1226 2170 abusus
1249 2106 1331 2168 latae

191 2211 285 2275 luisse
307 2215 508 2292 apparuerint.
553 2210 646 2274 'lania
670 2214 749 2272 enim
773 2214 904 2291 potestas
919 2229 983 2272 *neo
1006 2213 1162 2292 episcopis,
1188 2228 1246 2272 neo
1270 2228 1332 2290 po-

167 2319 285 2382 =..teetsti
301 2316 398 2380 ¹alierd
421 2311 501 2378 civili
524 2317 632 2378 ,inesse
655 2317 769 2393 potest,
798 2311 980 2376 extendendi
1004 2313 1041 2376 ad
1064 2313 1212 2394 sponsalia
1243 2313 1336 2374 clan-

187 2417 304 2481 destina
328 2417 481 2480 decretum
505 2415 630 2480 Concilli
654 2415 819 2478 Tridentini
847 2415 885 2478 de
915 2419 1111 2506 matrimoniis
1141 2414 1335 2478 clandestine

178 2523 348 2588 ‚conbustis
370 2524 551 2590 emanatura.
559 2515 588 2594 ²)

273 2622 445 2698 θυαετὲειιν
465 2619 534 2697 tib:
558 2618 635 2692 Ouid
654 2619 816 2684 dicendum
839 2619 877 2683 de
900 2618 998 2684 dubiis
1021 2620 1237 2701 sponsalibus?

274 2732 307 2806 li·
345 2725 473 2792 Dubium
506 2727 702 2805 supervenire
734 2728 833 2803 potest
866 2723 1052 2803 sponsalibus
1082 2723 1190 2803 triplici
1227 2724 1334 2804 modo,

179 2826 224 2906 l)
247 2826 365 2908 quaudo
394 2825 445 2893 illa
472 2825 510 2890 ab
538 2828 624 2890 initio
651 2843 690 2890 ex
718 2825 818 2906 aliquo
846 2823 966 2888 deiectu
994 2825 1136 2905 naturali,
1168 2825 1337 2888 deliciante

172 2928 423 2998 -ttoiliceiiibero
446 2945 597 2994 consessu
618 2933 740 3010 propter
762 2945 895 2992 errorem
915 2929 964 2990 vel
981 2932 1040 2990 vim
1060 2928 1108 2990 vel
1131 2935 1256 3008 metum,
1284 2936 1338 2992 aut

189 3034 289 3098 aetate
306 3029 442 3098 ,numum
466 3029 631 3110 completa,
662 3029 1011 3106 dubioobnoxiasun13
1037 3030 1074 3106 2)
1096 3029 1214 3110 quaudo
1238 3031 1339 3095 altera

171 3150 259 3216 pars
277 3138 387 3216 negat,
418 3133 511 3196 altera
534 3132 664 3199 alilrmat
685 3133 733 3199 illa
756 3151 824 3196 esse
846 3136 935 3209 inita3
964 3132 1000 3209 3)
1023 3131 1142 3215 quando
1169 3132 1207 3194 de
1231 3141 1340 3199 causis

172 3237 272 3319 taxo
295 3251 427 3303 meones
450 3234 487 3298 ad
510 3235 702 3303 dissolvenda
723 3235 872 3317 sponsalia
896 3239 1047 3317 requisitis
1072 3255 1133 3301 uon
1156 3240 1230 3300 satis
1254 3257 1342 3300 con-

169 3337 340 3408 ..statilia
360 3341 544 3420 praenotatis
560 3337 718 3414 dicendum
739 3344 800 3402 est:
824 3336 857 3402 ln
872 3339 964 3404 tribus
986 3338 1031 3402 his
1050 3339 1179 3418 casibus,
1203 3344 1231 3402 si
1250 3341 1342 3404 nullo

193 3441 283 3506 modo
305 3439 454 3514 certitudo
477 3441 604 3508 obtineri
627 3445 739 3522 potest,
766 3441 886 3524 judices
907 3442 1104 3508 ecclesiastici
1130 3447 1343 3521 meminerint,

52 3599 58 3614 .
178 3549 224 3618 ‚io
245 3544 336 3615 dubio
358 3544 578 3626 ,proitianus
600 3563 619 3610 a
639 3544 829 3627 sponsalibus
851 3544 901 3609 nel
928 3563 983 3626 pro
1005 3563 1110 3610 eorum
1133 3544 1343 3612 dissolutione

194 3717 401 3730 ,ιι-ι·-

227 3801 250 3870 1)
267 3801 359 3870 llnopp
379 3799 438 3854 etl.

222 3888 245 3956 Ι)
262 3887 336 3956 trop.
358 3887 404 3941 to,
429 3883 617 3956 paendmpnod.
640 3887 700 3943 Pist.
724 3885 842 3942 damnata
868 3905 883 3943 a
905 3885 951 3942 Pio
969 3885 1010 3942 vi.
1034 3919 1068 3928 —
1091 3887 1187 3943 Bened.
1211 3887 1285 3946 XlV.
1313 3892 1346 3947 de

248 3969 479 4042 ..marom
494 3970 542 4028 lib.
560 3972 602 4029 1².
621 3991 642 4029 o.
662 3977 687 4030 5.
