2764 4664
184 259 248 328 258
543 279 580 332 Dc
599 276 773 330 Celebratione
793 277 948 348 Nuptiarum.

184 440 387 520 cognitionem
417 433 523 498 adesse
558 434 721 517 prudenter
748 441 893 517 suspicari
922 443 1030 519 potest.
1076 437 1215 519 Inprimis
1246 455 1319 518 per-

184 544 337 616 contatur,
371 556 408 599 an
437 543 539 618 sponsi
571 538 651 601 nullo
680 544 823 601 castitatis
852 546 921 602 voto
951 541 1097 624 ligentur,
1131 562 1168 603 an
1198 545 1319 621 nupturi

184 642 272 705 iidem
286 642 372 704 all-eri
391 641 454 722 jam
471 647 556 703 antea
573 641 720 715 dederint,
739 660 776 702 an
792 643 902 703 exinde
920 645 1165 723 impedimentum
1182 643 1319 725 publicae

126 823 127 826 Ἴ
183 745 348 808 honestatis
375 762 436 806 non
460 748 609 822 evenerit,
641 763 679 805 an
701 745 947 825 impedimentum
979 747 1098 828 aliquod
1128 751 1320 830 cognationis

183 849 233 911 vel
254 845 404 911 allinitatis
428 865 487 911 non
509 847 700 908 intercedat?
744 847 850 910 Debita
872 869 994 930 quoque
1016 869 1084 912 eum
1106 850 1268 931 prudentia
1291 855 1320 910 ct

183 953 284 1015 verbis
312 950 455 1013 modestis
477 949 612 1011 advertat
638 949 674 1011 ad
696 949 944 1030 impedimentum
974 953 1124 1015 allinilatis
1148 972 1187 1014 cx
1211 953 1321 1033 copula

183 1052 341 1129 illicita‚¹)
373 1059 404 1114 et
432 1058 457 1116 si
481 1070 629 1132 unapars
660 1052 751 1114 luerit
774 1055 836 1134 Jam
868 1063 974 1136 nupta,
1007 1056 1042 1118 ad
1069 1056 1319 1137 impedimentum

184 1162 317 1220 criminis
340 1162 396 1219 etc.
421 1191 461 1200 -
486 1156 584 1233 Tunc,
615 1159 640 1216 si
663 1157 818 1218 commode
847 1157 911 1218 fieri
936 1165 1046 1240 potest,
1081 1167 1173 1221 testes
1196 1176 1320 1240 quoque

183 1262 232 1323 vel
255 1265 399 1344 cognatos
422 1259 470 1319 vel
500 1258 576 1320 alios
599 1265 718 1338 sponsis
745 1260 821 1322 bene
849 1267 986 1344 cognitos
1016 1262 1143 1324 advocet
1165 1268 1196 1322 et
1220 1281 1260 1323 ex
1282 1267 1320 1323 iis

182 1364 320 1426 similiter
334 1367 467 1443 quaerat,
492 1379 561 1422 num
585 1361 623 1421 de
638 1363 737 1444 aliquo
756 1364 970 1443 impedimento
989 1370 1067 1426 inter
1079 1381 1206 1446 sponsos
1220 1369 1321 1426 inter-

182 1468 309 1530 cedente
328 1469 464 1529 notitiam
486 1462 623 1526 habeant.
649 1464 771 1528 Slvere
794 1467 913 1548 aliquod
936 1468 1321 1548 impedimentumdeprc-

181 1573 332 1649 henderit,
357 1573 522 1651 opportune
545 1566 582 1627 de
606 1586 642 1629 eo
666 1569 797 1631 tollendo
820 1571 983 1648 provideat.

179 1697 183 1704 ·
245 1674 317 1738 lli.
340 1673 371 1737 Si
393 1671 539 1753 parochus
563 1675 697 1732 notitiam
720 1679 831 1733 certam
852 1673 987 1736 habuerit
1010 1675 1047 1734 de
1063 1673 1235 1754 parochiani
1249 1673 1321 1736 'ali-

179 1781 265 1860 cujus
291 1779 476 1852 intentione,
512 1778 732 1835 matrimonium
762 1795 830 1838 cum
860 1783 943 1856 parte
970 1773 1145 1839 Acathollca
1181 1776 1320 1853 ineundi,

176 1881 263 1943 illum
288 1884 428 1957 seorsim,
450 1877 499 1939 vel
523 1895 622 1938 coram
646 1878 772 1940 testibus
795 1879 949 1966 catholicis
971 1898 1059 1960 quam
1085 1885 1212 1958 primum
1235 1879 1321 1941 adire

178 1983 279 2063 debet,
303 1987 391 2064 elque
405 1982 482 2068 bene
506 1979 668 2058 inculeare,
693 1981 869 2060 quibusnam
888 2001 926 2044 ex
948 1987 1046 2044 causis
1059 1981 1193 2045 Ecclesia
1210 1982 1320 2064 huJus·

178 2086 260 2148 modi
275 2089 462 2148 matrimonia
476 2082 643 2160 abhorreat,
668 2085 844 2148 dissuadens
867 2091 948 2148 oanni
965 2087 1063 2165 modo,
1089 2102 1127 2146 ne
1147 2104 1181 2147 sc
1202 2090 1320 2146 immit-

178 2194 221 2252 tat
242 2193 274 2250 in
297 2189 356 2252 tale
377 2187 538 2254 discrimen
568 2190 671 2251 salutis
702 2197 851 2251 aeternae.
897 2189 927 2251 Si
958 2195 1057 2251 aulem
1080 2189 1147 2263 ille,
1177 2189 1320 2250 omnibus

178 2293 217 2354 ob
240 2293 344 2356 oculos
373 2292 472 2355 debite
493 2297 615 2374 positis,
648 2295 679 2353 in
701 2297 853 2373 proposito
881 2297 1071 2372 permaneat,
1101 2295 1261 2354 cautiones
1283 2291 1320 2352 ab

179 2395 305 2460 ecclesia
329 2401 494 2478 requisitae
516 2400 572 2476 ipsi
596 2401 797 2476 exponantur,
828 2401 917 2476 atque
940 2397 1124 2456 conscientia
1148 2395 1216 2475 ejus
1238 2412 1320 2456 one·

178 2505 272 2579 retur,
296 2499 422 2581 nequid
445 2503 576 2561 remittat
599 2498 636 2559 dc
651 2497 829 2560 retrahendo
852 2515 905 2579 pro
919 2498 1032 2560 viribus
1055 2503 1170 2578 partem
1190 2495 1320 2560 acatho-

176 2599 264 2664 licam
287 2601 324 2664 ab
346 2619 450 2664 errore
473 2602 510 2666 ad
537 2601 626 2662 fidem
648 2619 750 2663 veram
775 2607 805 2660 et
827 2606 916 2662 unice
944 2599 1145 2678 salutiferam,
1177 2617 1257 2661 neve
1282 2599 1319 2660 de

175 2707 362 2766 strictissima
378 2710 604 2785 praeceptorum
619 2704 771 2766 Ecclesiae
785 2704 1008 2782 observatione,
1025 2703 1319 2786 diligentissimeque

68 2851 71 2860 .
175 2806 267 2887 prohs
286 2807 490 2889 procreandae
513 2811 699 2869 institutione
721 2811 751 2867 in
774 2807 833 2868 lide
854 2807 1010 2884 catholica,
1034 2812 1067 2867 ut
1089 2809 1133 2867 sio
1155 2806 1316 2886 perfidem

174 2913 267 2988 partis
297 2908 482 2972 orthodoxae
512 2910 715 2972 sanctificetur
744 2916 773 2970 et
803 2928 871 2990 pars
901 2909 1060 2972 haeretica.
1107 2908 1254 2990 Insuper,
1286 2913 1318 2970 iu

174 3009 257 3073 hisce
278 3011 454 3094 regionibus
477 3031 595 3094 semper
616 3012 827 3092 inquirendum
851 3015 917 3091 erit,
942 3030 979 3073 an
1002 3029 1070 3092 pars
1087 3009 1254 3074 acatholica
1279 3016 1317 3072 sit

174 3112 342 3194 baptizata,
364 3133 479 3195 necne,
502 3121 534 3177 in
556 3116 635 3177 huno
657 3115 757 3194 linem,
782 3121 815 3176 ut
838 3119 1058 3177 matrimonium
1081 3133 1120 3175 ex
1142 3113 1199 3175 hae
1222 3133 1315 3176 causa

175 3221 226 3279 ant
248 3221 337 3278 etiam
352 3223 448 3301 magis
464 3218 680 3297 dissuadealur,
705 3224 764 3297 aut,
790 3224 815 3279 si
837 3218 893 3280 hoc
908 3223 947 3280 sit
970 3221 1036 3280 sine
1049 3217 1160 3296 irnetu,
1184 3235 1221 3279 ac
1244 3219 1315 3279 sul-

174 3319 310 3382 ficientes
333 3319 431 3382 adsint
454 3339 579 3400 causae,
604 3321 810 3402 dispensandi,
835 3327 970 3402 tempore
994 3327 1161 3402 opportuno
1183 3320 1315 3402 dispen-

174 3426 249 3485 satio
272 3423 309 3484 de
331 3422 545 3502 impedimento
568 3423 868 3504 disparitatis.cultus
890 3425 927 3486 ab
948 3425 1095 3506 Episcopo
1117 3430 1249 3504 petatur.

200 3623 224 3690 ¹)
242 3624 306 3676 Gom
329 3625 478 3693 plerumque
496 3642 574 3695 grave
592 3636 679 3678 causet
696 3627 896 3690 incommodum,
922 3626 1066 3692 hujusmodi
1091 3629 1315 3696 investigationem

243 3711 373 3761 instituere
391 3727 448 3761 cum
467 3727 560 3779 sponsa
578 3715 681 3764 seorsim
701 3722 815 3780 sumpta,
841 3711 998 3764 suadendum
1017 3719 1068 3772 est,
1093 3720 1120 3762 ut
1142 3711 1316 3764 declaratione

176 3797 181 3834 t
241 3795 273 3846 de
290 3795 401 3846 ineundo
420 3799 578 3848 matrimonio
594 3814 677 3849 coram
691 3800 801 3866 parocho
821 3800 885 3848 lacta
904 3798 938 3848 illi
955 3807 1105 3850 moneantur
1124 3797 1156 3848 ad
1169 3799 1314 3851 contessio-

178 3913 180 3918 -
240 3895 299 3930 nem
319 3884 529 3948 praeparatorium
547 3901 607 3933 moa
625 3884 781 3946 taciendam,
806 3901 854 3952 qua
873 3887 1005 3935 occasione
1028 3883 1086 3933 data
1111 3883 1206 3936 melius
1223 3887 1314 3952 poterit

241 3967 385 4098 ppvestigari
412 3967 443 4017 de
472 3968 655 4034 impedimentis
683 3985 714 4019 ex
740 3970 824 4037 aliquo
851 3971 941 4020 delicto
967 3968 1068 4020 occulto
1094 3970 1313 4036 provenientibus.

263 4064 339 4116 nopp.
357 4065 382 4117 p.
400 4051 459 4104 402.
