2746 4646
154 165 197 236 94
412 181 450 236 o·
465 180 652 252 inpedimentis
674 184 863 238 matrimonium
885 183 1066 244 dirimniiebua
1135 205 1139 211 ·

155 361 195 404 cx
217 361 275 405 una
295 348 381 422 parte
409 347 594 404 contractum
626 359 695 404 esse
722 341 859 404 illicitum
888 343 1024 424 quidem,
1062 336 1117 408 sed
1140 345 1297 422 validum,

154 464 243 526 porro
275 449 325 506 vix
353 443 547 508 dubitandum
571 449 634 522 est,
669 449 740 524 quin
772 450 992 508 matrimonium
1020 452 1060 510 sit
1090 450 1237 527 validum,
1271 455 1296 510 si

157 555 261 612 votum
283 555 444 629 perpetuae
469 551 614 610 castitatis
637 555 719 610 esset
739 567 778 612 ex
805 555 931 630 utraque
955 557 1049 630 parte,
1081 571 1117 614 ac
1148 553 1229 614 alter
1258 552 1297 612 de

100 641 101 644 '
153 651 276 714 alterius
300 657 369 714 voto
391 655 491 726 sciret,
517 655 549 712 ut
572 657 696 732 uterque
720 651 776 713 sibi
797 651 921 714 firmiter
943 659 1133 733 proponeret,
1166 673 1294 717 servare

114 770 120 783 “
155 754 233 816 idem
257 761 360 816 votum
382 759 413 815 in
437 754 678 830 matrimonio;¹)
701 752 850 836 quiahoc
874 756 962 818 modo
980 757 1031 836 jus
1054 758 1174 837 petendi
1199 759 1293 820 debi—

154 863 215 920 tum
237 855 449 920 contrahentes
471 873 530 944 non
552 858 639 918 alteri
662 858 830 940 denegant,
860 857 914 918 sed
943 858 1041 920 scium
1071 861 1159 922 morio
1191 879 1292 923 unus-

153 965 280 1042 quisque
313 961 432 1022 sibimet
461 963 527 1038 ipsi,
561 960 640 1021 unde
663 967 790 1040 uterque
812 963 919 1038 accipit
937 961 988 1040 jus
1011 965 1041 1022 in
1065 963 1203 1041 aiterum,
1229 983 1291 1044 quo

154 1055 252 1126 tamen
275 1081 314 1124 ex
338 1067 448 1126 motivo
471 1066 532 1124 voti
556 1080 616 1124 non
639 1067 745 1136 utitur;
768 1065 851 1140 atqui
874 1079 1050 1140 consensus,
1073 1083 1133 1144 quo
1156 1071 1291 1130 invicem
1353 1071 1354 1078 ’

153 1167 278 1230 traditur
308 1172 440 1247 potestas
466 1183 522 1226 seu
546 1165 597 1246 jus
626 1165 663 1226 ad
690 1164 845 1244 copulam,
879 1167 1082 1228 essentialiter
1109 1168 1222 1230 sullicit
1256 1171 1293 1232 ad

153 1269 345 1332 efficiendum
368 1273 604 1342 matrimonium3
628 1286 702 1350 ergo
726 1273 782 1328 etc.
807 1302 847 1310 —
870 1267 929 1330 Sed
952 1267 1080 1331 dubitari
1104 1276 1220 1350 potest,
1253 1293 1291 1334 an

153 1373 249 1436 taliter
272 1377 491 1436 matrimonium
513 1377 591 1432 inire
614 1375 652 1432 sit
674 1371 785 1432 licitum
809 1369 1067 1450 contrahentibus,
1101 1391 1140 1434 ex
1169 1379 1289 1436 ratione

151 1477 288 1556 periculi,
311 1480 358 1538 cui
382 1479 542 1555 exponitur
563 1480 683 1550 votum,
713 1489 797 1547 cum,
828 1477 862 1534 si
884 1489 942 1536 una
967 1491 1034 1553 pars
1056 1483 1160 1538 contra
1183 1484 1290 1540 votum

152 1578 285 1640 debitum
309 1583 390 1658 petat
411 1578 461 1640 vel
484 1578 641 1658 exaliqua
663 1592 752 1636 causa
774 1593 791 1636 a
814 1579 884 1638 voto
907 1576 1065 1654 liberetur,
1097 1580 1189 1642 alicra
1221 1599 1291 1660 pars

43 1669 45 1676 ,
157 1688 273 1744 tenetur
295 1681 332 1742 ad
354 1679 538 1742 reddendum
561 1680 702 1742 debitum.
748 1677 982 1757 Dicendumest,
1007 1683 1172 1758 periculum
1186 1683 1289 1764 quoad

152 1791 254 1847 votum
278 1799 337 1845 non
366 1788 487 1866 augeri,
524 1788 548 1846 si
572 1801 630 1847 una
659 1798 726 1861 pars
755 1786 836 1842 certa
867 1785 913 1842 est
939 1781 977 1842 de
1007 1782 1129 1845 alterius
1165 1789 1288 1846 sincera

144 1883 306 1948 'voluntate
328 1885 504 1948 observandi
527 1891 641 1964 votum,
665 1889 694 1944 et
716 1880 872 1943 adhibendi
898 1883 993 1944 media
1016 1889 1132 1965 propria
1155 1893 1187 1948 in
1210 1889 1290 1950 bunc

152 1989 253 2052 linem.
299 1987 375 2048 Hinc
399 1992 583 2051 matrimonia
614 1986 712 2049 valide
738 2003 773 2046 ac
802 1985 883 2046 licite
906 1986 961 2046 sub
984 1993 1055 2048 voto
1078 1995 1224 2053 castitatis
1248 2010 1288 2052 ex

151 2095 276 2171 utraque
299 2095 382 2170 parte
404 2095 472 2152 iniri
496 2109 584 2171 posse
608 2093 713 2174 negari
736 2084 878 2168 nequit.²)
924 2089 1172 2169 controvertitur,
1189 2101 1289 2154 utrum

157 2192 287 2256 conditio
320 2198 463 2261 castitatis
497 2194 662 2256 servandae
694 2193 820 2255 deducta
853 2197 884 2253 io
915 2199 1033 2272 pactum
1067 2197 1287 2257 matrimoniale

151 2303 301 2381 repugnet
322 2295 504 2360 substantiae
527 2302 759 2374 matrimonium,
782 2294 874 2377 idque
895 2293 1051 2357 invalidet.
1096 2295 1126 2360 Si
1157 2297 1291 2361 conditio

153 2407 215 2463 tum
238 2405 341 2462 stricte
362 2407 513 2480 sumatur,
546 2406 578 2463 ut
606 2402 690 2462 alteri
724 2402 800 2480 parti
823 2401 914 2460 etiam
933 2399 984 2478 jus
1007 2398 1130 2478 petendi
1155 2399 1291 2462 debitum

181 2591 204 2658 ¹)
222 2591 247 2643 Si
260 2592 310 2644 tino
323 2595 452 2646 vovissent
463 2600 522 2644 aute
534 2591 720 2642 matrimonium
735 2598 882 2656 perpetuam
901 2592 1040 2642 castitatem
1057 2599 1083 2642 et
1103 2589 1202 2658 singulo
1226 2590 1291 2642 alte-

219 2682 270 2730 rius
287 2689 373 2730 votum
392 2687 458 2730 esset
478 2685 574 2738 notum,
590 2691 619 2726 ac
640 2677 686 2742 ipsi
704 2676 809 2728 firmiter
831 2685 1002 2743 proponerent
1025 2691 1128 2728 servare
1145 2677 1211 2728 idem
1234 2688 1291 2744 post

221 2773 376 2816 contractum
395 2764 595 2824 matrimonium,
615 2763 726 2828 ipsorum
747 2764 933 2814 utatrimom'um
958 2771 1024 2813 essct
1042 2761 1147 2812 obdulie
1170 2762 1289 2814 validum.

219 2848 289 2899 Dens
308 2847 380 2898 Thes.
393 2847 424 2899 de
436 2856 508 2900 matr.
521 2865 546 2899 n.
559 2849 599 2899 40.
612 2847 636 2896 2.

172 2933 196 2998 ²)
214 2932 277 2984 iiiuc
289 2932 404 2985 Urbanus
416 2934 447 2985 lt.
462 2933 622 3002 approbavit,
639 2933 715 2982 immo
733 2937 760 2980 ut
771 2929 847 2982 refert
864 2930 1003 2983 clericatus
1015 2931 1046 2984 de
1064 2949 1128 2985 sacr.
1147 2941 1219 2984 matr.
1234 2933 1288 2986 dec.

219 3019 243 3068 2.
257 3035 281 3070 n.
304 3019 343 3072 lc.
358 3021 492 3086 imperavit
507 3019 700 3079 matrimonium,
723 3015 790 3085 quod
809 3021 933 3068 contruxit
954 3016 1077 3068 biatbiidis
1096 3017 1183 3070 ltaliae
1199 3019 1284 3072 Conri-

218 3105 276 3155 tissa
296 3121 352 3155 cum
366 3104 570 3168 Wuiicnelluce,
592 3104 640 3156 sub
653 3121 683 3154 ex
700 3111 781 3170 pacto,
800 3110 826 3152 ut
849 3105 997 3172 virginitatis
1014 3112 1100 3154 votum
1112 3114 1224 3156 servaret
1242 3110 1284 3157 in·

160 3199 165 3205 ’
216 3189 344 3242 violatum.
356 3190 394 3242 De
404 3200 475 3243 matr.
490 3193 562 3242 inter.
574 3189 604 3242 Β.
615 3189 647 3242 it.
666 3190 694 3240 ii.
723 3197 749 3239 et
763 3189 788 3242 S.
799 3187 938 3256 Josepbum
956 3188 1048 3240 docent
1062 3189 1174 3241 similiter
1189 3191 1282 3258 plures,

216 3275 244 3328 b.
257 3275 289 3328 bi.
302 3277 330 3329 t.
341 3293 398 3328 cum
417 3278 441 3332 S.
458 3277 568 3344 Josepbo
585 3277 740 3328 contraxisse
762 3278 945 3326 matrimonium
963 3279 1017 3330 sine
1033 3289 1162 3328 conmnsu
1183 3279 1284 3346 quidem

216 3364 242 3412 in
256 3363 372 3430 copulam
384 3374 410 3415 at
420 3379 470 3414 non
482 3365 536 3416 sinc
545 3361 681 3415 traditione
690 3361 755 3428 juris
769 3370 793 3412 et
806 3364 936 3428 potestatis
949 3364 974 3412 in
988 3376 1082 3428 corpus
1102 3377 1189 3413 suum:
1212 3365 1278 3432 quod

215 3451 279 3517 ipsa,
298 3450 482 3503 nonobstante
504 3459 562 3502 votc
585 3451 718 3510 castitatis,
746 3447 813 3515 quod
844 3446 939 3510 babuit,
971 3447 1038 3498 licita
1060 3447 1143 3517 iacere
1170 3459 1280 3516 poterat,

214 3537 275 3603 quin
287 3535 371 3587 divina
383 3537 538 3590 revelatione
558 3544 653 3589 certum
677 3537 698 3586 ei
720 3541 782 3593 mat,
804 3531 873 3602 qnod
891 3532 1002 3583 debitum
1026 3533 1161 3602 coujugale
1177 3535 1209 3586 ab
1229 3539 1281 3602 ipsa

216 3603 345 3689 uunquam
360 3629 427 3673 esset
437 3621 615 3690 exigendum.“
639 3621 664 3672 S.
675 3618 802 3671 Tbomssn.
817 3619 841 3669 4.
854 3617 908 3670 dist
924 3620 965 3670 30.
978 3637 1002 3687 q.
1019 3621 1043 3669 2.
1061 3626 1106 3668 art.
1125 3621 1148 3670 2.
1161 3620 1194 3670 ad
1215 3623 1236 3672 i.
1251 3651 1284 3659 —

214 3703 353 3772 baymano,
365 3707 504 3776 Scbmalag.
516 3715 541 3757 el
559 3708 629 3759 multi
654 3703 840 3758 aiii.'Simiiiter
859 3702 989 3767 conjuncti
1010 3703 1088 3754 luisse
1108 3705 1240 3757 traduntur
1260 3707 1284 3759 S.

213 3789 338 3844 flenricus
357 3801 382 3844 ct
400 3791 578 3862 Ghunigunda,
591 3791 707 3844 Julianus
721 3787 881 3853 ctssasilissa,
895 3786 1026 3839 Gcrrradus
1045 3803 1089 3840 rex
1109 3797 1134 3840 et
1152 3789 1284 3856 iiaibiidis,

214 3877 347 3929 Eduardus
370 3879 412 3932 itt.
435 3896 478 3932 rex
495 3880 601 3950 Angiiaa
620 3888 645 3931 et
662 3875 762 3940 Sittius,
785 3891 814 3926 nc
831 3875 916 3942 pluras
932 3873 990 3946 aiii,
1009 3890 1071 3942 quos
1094 3885 1212 3928 recenset
1224 3877 1282 3928 cte-

213 3966 317 4016 rioatoa
331 3964 382 4017 i.c.
