2746 4646
185 167 248 238 tir
430 181 468 238 a·
484 179 669 258 immineam
687 182 870 237 moenium
888 135 1070 244 cremarem.

185 343 316 408 detritam
340 345 596 422 praeparationem
621 357 743 416 eorum,
771 357 852 420 quae
870 345 939 407 sunt
961 344 1133 406 necessaria
1162 343 1195 401 iu
1219 343 1282 402 vitu
1296 336 1321 410 ¹)
1361 319 1362 324 ἵ

185 445 362 530 Hujusmodi
385 448 484 507 autem
512 447 697 524 praeparatio
721 461 781 506 non
813 450 860 505 est
881 442 919 506 de
948 447 1042 524 prium
1070 448 1243 507 intentione
1268 461 1324 504 na-

102 636 103 640 *
186 539 321 628 turae2),
353 545 517 611 secundum
548 563 637 626 quam
667 551 766 610 amula
794 549 965 608 communic
987 553 1071 621 sunt;
1104 553 1134 607 et
1163 545 1235 612 ideo
1265 563 1325 632 uon

71 672 77 680 ·
184 654 393 716 videturesse
416 657 518 714 contra
541 655 664 730 primam
686 653 884 714 intentionem
907 654 1031 712 naturae
1054 649 1190 714 dimissio
1207 653 1324 726 uxoris,

185 763 216 819 et
236 775 290 838 per
311 771 501 834 consequens
523 770 580 816 nec
602 758 705 815 contla
727 756 821 832 prima
845 758 1019 833 praecepta,
1050 752 1104 822 sed
1133 757 1241 814 contra
1271 770 1325 814 se-

185 860 281 924 cunda
312 859 389 941 legis
417 859 575 918 naturac“.
630 855 716 918 Unde
745 851 1007 935 concludimus³)‚
1042 857 1130 937 juxta
1153 856 1323 920 doctrinam

185 963 215 1028 S.
238 963 369 1026 Tiamaa
398 959 643 1039 impedimentum
671 957 841 1041 ligaminis,
862 963 1014 1040 quamvis
1035 963 1075 1022 sit
1106 958 1266 1023 inundatum
1294 963 1325 1018 in

185 1067 255 1148 lege
278 1063 418 1140 nummu,
452 1081 512 1126 nou
534 1061 643 1126 iubere
665 1065 727 1122 vim
750 1065 914 1126 coactivam
944 1081 999 1143 par
1026 1057 1146 1126 modum
1170 1067 1325 1142 praecepti

185 1171 338 1244 aduolare,
360 1170 418 1230 nisi
441 1165 603 1230 accedente
625 1165 696 1248 lege
718 1170 860 1246 positiva,
884 1170 948 1228 sive
971 1165 1072 1228 divina
1094 1168 1160 1230 sive
1181 1163 1324 1229 humana.

185 1271 383 1334 &infirmatur
403 1268 476 1332 haec
499 1271 646 1330 sententia
664 1269 853 1340 cxilonctlm
872 1269 951 1332 l'rld.
974 1273 1018 1330 sic
1039 1267 1234 1349 loquentede
1258 1286 1325 1328 ma-

186 1377 318 1438 trilincuii
339 1371 616 1436 indissolubilitate:
639 1371 843 1449 „Matrimonii
866 1370 1043 1452 perpetuum
1066 1371 1326 1434 indissolubilem-

146 1465 151 1470 ’
185 1497 244 1560 que
266 1495 377 1540 nexum
388 1479 501 1556 primus
514 1475 632 1540 hurnani
649 1480 773 1557 generis
788 1493 896 1555 parens
905 1475 1004 1536 divini
1011 1475 1150 1552 Spiritus
1167 1477 1325 1544 ,instincta

185 1575 461 1660 pronuntiavit“⁴r‚
485 1577 565 1662 uqde
586 1581 657 1640 suits
681 1583 771 1658 patet,
792 1580 878 1659 juxta
901 1595 1022 1640 sensum
1046 1577 1169 1640 Concilii
1192 1577 1326 1657 aliquam

187 1681 287 1766 legem
305 1700 360 1744 seu
382 1680 601 1746 ordinationem
625 1685 781 1760 positivam
804 1681 935 1745 additam
959 1682 1053 1745 luisse
1076 1680 1115 1743 ad
1136 1681 1240 1763 legem
1265 1698 1325 1740 na-

188 1785 323 1864 turalem,
347 1788 380 1848 ui
396 1787 576 1848 matrimonii
588 1783 738 1847 vinculum
751 1792 928 1866 perpetuum
943 1784 1213 1864 indissolubilcque
1231 1782 1327 1845 fieret.

188 1889 271 1950 ldem
302 1887 390 1950 docet
421 1885 595 1950 Gateclrism.
624 1884 801 1962 Romanii:
848 1887 976 1968 „Neque
1007 1906 1080 1950 vero
1103 1887 1185 1950 Deus
1219 1889 1328 1948 matri-

188 1985 321 2054 monium
345 1988 546 2054 tantummodo
569 1993 714 2065 instituit,
738 1987 843 2052 varum
867 1995 898 2052 ut
921 1987 1326 2068 sauctaT1·ideni.synodus
1361 1999 1362 2050 i

188 2094 330 2172 declarat,
354 2097 530 2174 perpetuum
553 2095 643 2152 etiam
672 2099 702 2156 et
732 2093 968 2158 indissolubilem
999 2093 1108 2156 nodum
1132 2097 1158 2156 ei
1182 2092 1307 2156 addidit
1315 2112 1327 2162 ;

188 2203 213 2261 si
237 2197 356 2280 quidem
367 2195 504 2260 Salvator
525 2199 579 2258 nit:
603 2195 713 2274 „Quod
726 2196 805 2258 Deus
822 2197 987 2278 conjunxit,
1011 2196 1171 2264 homoncn
1186 2200 1325 2274 separet3

188 2304 326 2382 quamvis
348 2303 425 2362 enim
445 2302 643 2372 matrimonio,
666 2305 813 2378 quatenus
836 2293 959 2364 naturae
974 2305 1020 2362 est
1041 2300 1185 2378 alliciam,
1209 2315 1326 2358 conoe-

187 2407 265 2480 nr'ut,
288 2411 319 2465 ut
340 2401 464 2466 dissolvi
487 2418 547 2464 non
570 2405 678 2480 possit3
711 2407 810 2466 tamea
831 2403 862 2466 id
884 2405 1018 2466 monime
1038 2403 1085 2480 fit,
1108 2409 1258 2483 quatenus
1282 2407 1327 2462 est

189 2501 482 2580 Sacmmmnmr‘i).
532 2503 609 2565 Mine
632 2501 696 2566 lieri
720 2509 828 2584 potuit,
858 2509 892 2568 ut
914 2509 945 2566 in
968 2507 1037 2590 lege
1061 2505 1176 2586 Moysis
1198 2507 1327 2585 permit-

216 2711 239 2778 1)
257 2710 344 2779 Suppl.
362 2718 458 2780 quaeat.
476 2711 517 2762 67.
536 2717 581 2762 art.
600 2709 625 2761 2.
859 2765 861 2770 ¹

215 2799 237 2864 ²)
254 2797 285 2848 lu
303 2797 368 2850 baua
386 2797 478 2864 prolia,
502 2794 641 2848 secundum
660 2793 726 2866 quod
745 2803 783 2846 est
801 2793 833 2846 de
851 2797 932 2864 prima
951 2797 1090 2848 intentione
1108 2803 1233 2860 naturae,
1246 2795 1327 2846 ‘intel-

258 2883 342 2951 ligitur
352 2883 499 2950 procreatio,
518 2889 542 2932 et
560 2883 672 2944 nutritio,
690 2890 715 2931 et
733 2882 870 2944 instructio,
890 2898 1020 2952 quousque
1039 2883 1120 2948 proles
1139 2882 1172 2933 ad
1189 2881 1327 2950 perlectam

258 2977 367 3020 aetatem
386 2966 502 3030 ducatum
527 2963 571 3017 aed
589 2966 655 3036 quod
674 2967 696 3016 ei
720 2965 881 3034 provideatur
904 2971 1075 3036 inposterum
1100 2984 1145 3036 per
1169 2967 1329 3019 haereditatis

258 3053 407 3105 stallorum
430 3053 554 3106 bonorum
578 3053 764 3118 dimissionem,
791 3043 890 3105 uidetur
908 3057 1035 3122 pertinere
1059 3055 1090 3105 ad
1109 3053 1248 3106 secundam
1268 3053 1329 3121 legis

258 3147 363 3191 naturae
381 3141 551 3192 intentionem.
570 3139 585 3192 l.
605 3155 626 3192 c.
646 3137 677 3190 ad
698 3139 721 3190 1.

215 3225 238 3292 ³)
256 3225 370 3280 somnus
387 3241 425 3294 qr.
449 3226 490 3280 lib.
509 3227 534 3278 4.
551 3228 588 3278 tit.
610 3226 650 3278 ts.
679 3241 705 3276 u.
722 3225 747 3276 3.
767 3223 854 3276 Melius
879 3228 1005 3290 sentiunt,
1028 3229 1070 3296 qui
1100 3225 1202 3290 dicunt,
1228 3242 1326 3278 connu-

258 3313 356 3366 biorum
380 3310 624 3364 indissolubilitatem
643 3310 744 3380 quidem
763 3311 846 3380 aliquo
870 3311 944 3362 modo
963 3312 1062 3364 l'uudnri
1085 3312 1185 3378 injure
1211 3310 1330 3370 naturali,

258 3415 309 3450 non
328 3406 411 3449 umen
431 3415 461 3450 ex
479 3398 521 3449 illo
538 3397 591 3448 solo
611 3405 764 3465 competere,
783 3396 827 3448 sed
846 3413 876 3448 eo
890 3399 949 3464 jure
968 3397 1100 3466 (naturali)
1116 3401 1224 3466 primum
1245 3395 1330 3446 induci

259 3486 390 3554 supposita
408 3485 562 3535 institutione
580 3481 675 3535 divina.
693 3513 728 3522 -—
746 3483 783 3536 ct.
802 3481 938 3550 Luymaun.

216 3571 240 3638 ⁴)
259 3571 317 3626 sess
333 3571 376 3622 24.
394 3569 426 3620 de
444 3571 549 3620 matrim.
567 3566 624 3636 cap.
642 3573 711 3622 unic.

217 3657 240 3724 ⁵)
258 3655 359 3708 Catach.
378 3655 449 3708 Rom.
469 3673 492 3723 p.
511 3654 541 3706 it.
560 3672 581 3708 c.
600 3657 624 3708 ii.
643 3673 667 3726 q.
687 3657 728 3708 ll.

216 3745 240 3808 ὃ)
258 3741 342 3809 Laym.
361 3741 393 3793 de
412 3750 484 3794 matr.
503 3757 524 3793 c.
544 3741 567 3794 6.
586 3739 661 3794 Dico:
687 3739 870 3794 Matrimonium
895 3743 1040 3811 praesertim
1059 3745 1277 3804 consummatum,
1301 3757 1331 3792 er

260 3832 389 3897 primaeva
413 3826 458 3878 liei
482 3829 651 3892 institutione,
675 3827 784 3898 ideoque
808 3833 885 3898 qumi
904 3827 1031 3892 naturali,
1053 3843 1099 3880 reu
1125 3829 1260 3896 congenito
1286 3827 1331 3878 sibi

258 3914 316 3984 jura
335 3912 510 3968 indissolubile
529 3921 590 3966 esto.
