2758 4664
300 237 338 290 lla
354 234 540 306 impedimentis
557 236 743 287 matrimonium
761 233 942 288 autumabas.
1129 213 1188 280 173

140 399 244 476 gaium
268 399 455 456 transeuntes
479 409 534 473 per
549 392 659 470 locum,
682 397 794 474 inquo
817 391 927 454 dictum
945 389 1111 453 Concilium
1132 405 1193 450 non

140 503 188 557 est
203 497 434 580 promulgatum,
457 499 626 557 retinentes
648 495 727 556 idem
742 496 935 572 domicilium,
960 492 1058 555 valide
1078 495 1194 573 possim

140 603 171 661 in
189 605 247 662 isto
262 599 329 662 loco
344 603 565 660 matrimonium
581 602 646 660 sine
660 598 789 678 parocho
809 604 840 659 et
854 597 980 686 testibus
1001 595 1179 659 contrahere
1185 615 1194 671 ;

184 703 329 778 secondo,
354 701 435 782 quid,
461 705 486 763 si
510 717 547 764 eo
570 701 715 781 praedicti
735 701 852 765 incolae
876 706 934 762 tam
958 699 1083 762 masculi
1106 715 1194 779 quam

142 803 273 866 leoninae
295 805 360 866 solo
384 809 483 866 animo
506 809 572 866 sine
593 803 724 885 parocho
747 809 778 865 et
794 803 920 866 testibus
943 801 1137 864 contrahendi
1160 817 1195 862 se

141 907 333 986 transierant,
357 907 570 972 habitationem
594 925 655 970 non
677 913 842 981 mutantes;

185 1014 286 1086 tertio,
310 1011 397 1091 quid,
420 1015 445 1071 si
468 1009 560 1072 iidem
583 1011 701 1073 incolae
723 1016 783 1071 tam
806 1009 929 1072 masculi
952 1026 1041 1091 quam
1064 1007 1195 1070 leminea

142 1131 181 1176 eo
206 1113 385 1176 transierant
407 1112 620 1176 habitationem
642 1113 694 1178 illo
716 1113 781 1176 solo
803 1116 920 1188 animo,
945 1117 977 1173 ut
1000 1110 1113 1191 absque
1136 1127 1193 1190 pa·

141 1216 236 1281 rocho
259 1222 290 1276 et
313 1215 441 1278 testibus
463 1214 649 1278 contrahant.

141 1321 236 1382 iidem
260 1318 433 1381 Cardinales
455 1316 491 1380 ad
522 1321 648 1398 primum
677 1325 708 1380 et
730 1317 911 1395 secundum,
938 1333 998 1378 non
1022 1333 1090 1379 esse
1113 1317 1195 1400 legl-

53 1429 160 1487 tlmum
190 1426 410 1484 matrimonium
439 1424 518 1482 inter
546 1425 591 1482 sic
619 1437 653 1483 se
683 1421 914 1498 transferentes,
947 1437 983 1482 ac
1005 1423 1195 1481 transeuntes

53 1546 125 1589 cum
150 1525 270 1601 fraude;
293 1525 330 1586 ad
352 1525 476 1586 tertiam
495 1543 568 1587 vero
591 1523 747 1586 dubiorum
765 1522 943 1604 hujusmodi,
968 1526 993 1584 si
1014 1521 1196 1583 domicilium
1236 1505 1241 1512 ⁴

53 1647 130 1692 vere
162 1628 374 1707 transferatur,
406 1632 625 1691 matrimonium
649 1647 718 1690 esse
741 1626 885 1707 validum,
915 1625 1135 1706 responderunt
1164 1630 1196 1686 et

52 1729 295 1806 resolverunt.¹)
767 1716 779 1734 '

53 1855 267 1866 ...m-..-

83 1905 109 1970 ¹)
128 1903 259 1956 Benedict.
278 1903 341 1955 ilii.
361 1902 421 1954 lust.
440 1903 501 1956 eccl.
520 1903 561 1954 3³.
580 1918 605 1954 u.
624 1905 648 1954 l.
667 1900 705 1954 Gi.
723 1902 826 1954 resolut.
844 1909 958 1972 aequent.
978 1900 1003 1954 S.
1022 1899 1051 1954 G.
1070 1901 1148 1974 Gong.
1167 1915 1198 1952 ex

123 1987 257 2058 Pignatelli
275 1997 334 2040 tom.
353 1992 378 2042 6.
398 2004 467 2040 cons.
487 1988 527 2040 79.
546 2005 570 2040 n.
589 1991 613 2041 4.
632 1995 726 2058 etseq.

84 2077 94 2086 '
162 2076 189 2139 i)
207 2075 236 2125 ln
256 2073 399 2126 Coloniensi
419 2073 459 2125 die
479 2079 503 2128 5.
521 2074 589 2141 Sept.
610 2074 675 2126 iate
695 2073 833 2125 dubitatum
853 2073 913 2136 luit,
939 2089 971 2124 an
990 2075 1012 2124 ai
1032 2073 1129 2124 incolae
1147 2081 1198 2123 tam

123 2159 231 2211 masculi
249 2175 324 2228 mam
343 2160 454 2210 leminea
471 2159 524 2209 solo
543 2165 628 2212 animo
647 2161 702 2211 sine
720 2159 831 2228 parocho
855 2167 880 2210 et
897 2159 1002 2210 testibus
1021 2157 1224 2221 contrahendi„

124 2262 153 2298 se
171 2246 325 2298 nausiarent
342 2245 374 2296 ad
393 2245 485 2308 locum,
505 2243 546 2296 ubi
558 2243 697 2297 Concilium
717 2261 767 2297 non
781 2253 820 2296 est
833 2246 997 2314 publicabant,
1016 2244 1197 2297 habitationem

124 2347 178 2384 non
197 2339 336 2392 manaim,
360 2331 401 2382 vel
420 2347 451 2382 eo
469 2331 524 2384 nolo
543 2334 627 2384 animo
645 2331 823 2386 habitationem
847 2332 1043 2394 transferentes,
1067 2329 1150 2386 vodda
1171 2334 1197 2384 in

124 2419 183 2468 loco
201 2417 268 2468 dieto
287 2418 473 2468 matrimonium
492 2419 547 2468 sine
566 2418 676 2486 parocho
695 2427 719 2470 el
737 2417 840 2470 testibus
859 2416 1028 2484 contrahenti
1060 2417 1086 2468 S.
1105 2413 1134 2470 0.
1153 2432 1197 2468 re-

126 2501 243 2570 spondit,
270 2516 320 2551 non
345 2517 400 2553 esee
425 2501 561 2571 legitimum
584 2506 769 2572 matrimonium
795 2507 862 2555 inter
880 2505 916 2554 eie
938 2503 1116 2555 transferentes
1141 2519 1198 2552 cuna

122 2589 234 2651 froude,
253 2596 277 2637 et
296 2589 343 2637 nisi
361 2587 515 2639 domicilium
536 2589 713 2654 transferatur,
732 2587 917 2642 matrimonium
936 2605 987 2640 non
1006 2604 1062 2639 esse
1080 2587 1199 2640 validum.

164 2675 192 2738 2)
210 2673 239 2723 ln
257 2673 443 2740 Antwerpiensi
466 2673 509 2723 die
533 2671 573 2725 ie.
592 2673 651 2726 Dec.
672 2676 752 2738 1626,
776 2677 801 2726 in
825 2693 874 2744 qua
892 2673 974 2727 David
998 2681 1022 2726 et
1040 2673 1130 2738 ldaria,
1158 2675 1199 2743 qui

125 2759 226 2828 pridem
246 2758 432 2823 habitaverant,
450 2759 492 2810 ubi
511 2758 650 2813 &acilium
670 2772 708 2814 est
726 2761 894 2832 publicatum,
917 2775 974 2812 cum
993 2760 1098 2828 proiecti
1116 2765 1201 2811 caestu

126 2844 161 2898 ad
179 2842 300 2912 oppidum
318 2843 413 2896 hamas
432 2847 521 2898 itinere
546 2848 621 2898 uulua
639 2847 705 2911 diei,
731 2847 774 2902 ubi
792 2865 843 2900 non
861 2856 916 2900 erat
938 2846 1092 2915 publicatam
1106 2844 1201 2900 mect-

125 2931 206 2994 lium,
229 2929 262 2980 ibi
283 2945 350 2982 inore
374 2929 501 2982 haeretico
526 2942 706 2988 contraxerunt
728 2937 929 3000 matrimonium3
954 2933 1073 3002 postridie
1098 2933 1200 2986 domum

131 3017 229 3068 reversi
249 3032 304 3066 cum
323 3015 366 3066 diu
385 3018 451 3068 inter
469 3034 497 3069 se
515 3018 730 3086 cohabitaverint,
755 3020 788 3072 oh
806 3020 936 3090 dissidium
960 3029 1045 3071 uatum
1064 3019 1199 3083 instabant,

127 3102 252 3153 declarari
271 3104 457 3153 matrimonium
476 3103 624 3156 invalidum.
650 3107 674 3159 S.
694 3105 722 3159 C.
740 3107 838 3158 censuit
857 3107 1059 3169 matrimonium,
1077 3113 1105 3156 ut
1124 3119 1200 3172 supra

135 3195 310 3250 contractum,
335 3187 413 3238 luisse
431 3186 544 3253 nullum,
567 3194 629 3260 puio
646 3209 696 3242 aon
713 3191 874 3262 reliquerant
892 3191 974 3242 locam
995 3194 1099 3260 proprii
1118 3191 1203 3242 hmi-

126 3273 212 3325 cc'h's'.“
232 3273 274 3339 (ln
292 3272 340 3324 hoe
358 3289 419 3324 casu
438 3291 488 3325 non
507 3274 609 3328 videtur
626 3277 695 3329 fraus
714 3279 899 3344 intervenisse.)

165 3361 194 3428 ³)
212 3356 356 3412 Dubitatum
375 3360 436 3426 luit,
460 3377 492 3412 an
511 3364 542 3414 sit
559 3362 670 3414 validum
694 3366 880 3416 matrimonium
899 3379 1001 3423 eorum,
1025 3363 1067 3430 qui
1086 3360 1118 3412 ad
1136 3362 1202 3412 civi-

130 3453 208 3498 talem
226 3445 410 3498 haereticorum
429 3449 578 3516 migrarunt,
597 3464 648 3500 nou
666 3457 765 3502 servata
783 3448 861 3500 forma
880 3446 975 3500 Concil.
986 3445 1133 3509 Tridentini,
1151 3445 1206 3498 ibi-

130 3531 188 3584 dem
213 3547 264 3582 non
287 3531 428 3600 publicati?
463 3534 488 3585 S.
512 3532 593 3604 Gong.
616 3537 715 3588 censuit
737 3551 794 3588 esee
817 3533 943 3598 validum,
965 3537 991 3584 si
1011 3537 1086 3584 inira
1107 3531 1204 3584 limites

129 3615 204 3668 illius
221 3619 365 3686 parochiae
382 3620 563 3672 contrahentes
581 3621 664 3672 aedem
680 3622 823 3686 βψω(

164 3703 308 3765 „Absentcs
327 3721 341 3756 a
360 3708 540 3758 communitate
558 3707 671 3774 propria,
689 3708 709 3758 si
728 3706 797 3776 leges
815 3706 911 3774 proprii
930 3704 1046 3756 territorii
1064 3718 1115 3754 non
1134 3702 1202 3754 obli·
1262 3753 1265 3760 ,

129 3797 192 3858 pant
210 3791 235 3840 in
254 3793 380 3842 territorio
399 3791 493 3854 alieno,
510 3794 651 3860 generatim
670 3793 757 3860 patriis
776 3791 873 3860 legibus
884 3792 996 3854 ,minima
1014 3788 1132 3858 ligantur,
1150 3792 1207 3839 nisi

127 3875 201 3940 fictio
210 3877 285 3938 juris
307 3875 396 3926 obstet.
407 3906 440 3916 -
456 3875 581 3928 Absentes
600 3885 719 3948 unquam
739 3886 885 3946 praesentes
904 3875 1004 3928 lictione
1020 3875 1086 3941 juris
1105 3873 1205 3928 hahen-

130 3968 172 4010 tur
189 3961 222 4023 ii,
247 3963 290 4030 qui
308 3962 348 4012 vel
366 3964 498 4024 omittunt,
524 3961 593 4031 quod
618 3964 764 4032 inproprie
788 3961 843 4014 loco
866 3962 949 4014 lacere
971 3960 1138 4023 tenebantur,
1163 3961 1204 4014 vel

131 4045 214 4115 legem
233 4047 331 4098 violant
348 4049 375 4100 in
394 4051 492 4117 patriae
509 4047 658 4103 damnum.“
681 4047 822 4101 llaehnlein
842 4066 868 4119 p.
887 4051 929 4102 66.
