2742 4660
140 215 179 281 10
386 231 423 283 lle
441 232 613 293 matrimonio,
634 238 757 302 quatenus
775 239 814 282 est
833 228 1031 281 Sacramentum.

137 411 163 452 c.
192 388 216 452 l.
243 389 296 468 „Si
320 393 386 468 quis
409 388 532 465 dixerit,
566 391 787 452 matrimonium
817 404 876 449 non
906 401 975 446 esse
997 401 1070 446 vere
1100 390 1131 446 et
1154 389 1273 466 proprie

138 510 229 554 unum
254 511 293 552 ex
315 496 430 570 septem
454 491 531 573 legis
550 491 745 574 evangelicae
758 488 958 552 sacramentis
981 507 997 550 a
1015 487 1130 552 Christo
1146 488 1275 552 Domino

138 599 317 671 institutum,
341 593 394 656 sed
417 595 453 656 ab
476 592 646 657 hominibus
668 597 699 654 in
721 591 855 654 Ecclesia
877 597 1058 671 inventum,
1075 609 1176 673 neque
1199 609 1274 674 gra-

138 702 207 760 tiam
231 696 387 774 conferre,
418 716 444 758 a.
468 715 492 759 s.
519 732 556 742 -
580 696 660 778 quod
683 696 790 758 Paulus
814 695 977 776 Apostolus
1007 699 1121 770 innuit,
1154 694 1274 758 dlccns:

139 801 212 880 Viri,
236 800 351 883 diligite
375 817 486 860 unxores
508 805 634 878 vestras,
658 803 736 862 sicut
759 797 892 861 Christus
915 796 1020 859 dilexit
1042 797 1217 873 Ecclesiam,
1245 802 1277 858 et

139 923 172 965 se
200 908 296 984 ipsum
327 901 447 964 tradidit
476 921 529 982 pro
556 920 608 977 ea;
638 919 707 964 mcx
738 901 937 985 subiungens:
971 900 1197 964 Sacramentum
1219 899 1278 962 hoc

139 1023 280 1088 magnum
304 1009 367 1066 est:
391 1025 449 1088 ego
472 1013 570 1068 autem
594 1004 661 1067 dico
683 1004 844 1067 inClrristo
867 1008 897 1065 et
908 1003 1076 1066 Ecclcsla‚“
1098 1003 1169 1085 Eph.
1180 1001 1210 1066 5
1222 1003 1275 1067 25.

140 1145 178 1156 -
211 1107 289 1169 ldem
318 1125 438 1188 semper
465 1108 567 1171 docuit
596 1107 713 1168 traditio
743 1107 876 1170 Petrum:
915 1105 972 1185 „ln
1001 1104 1151 1185 Ecclesia,
1177 1109 1279 1187 'inquit

139 1212 167 1274 S.
184 1211 382 1295 Augustinus,
409 1213 576 1288 nuptiarum
600 1229 660 1273 non
683 1209 780 1272 solum
799 1209 961 1286 vinculum,
986 1209 1040 1272 sed
1061 1213 1152 1270 ¹etiarn
1167 1209 1279 1274 Sacra-

140 1319 271 1378 mentum
296 1313 543 1376 commendatur“
566 1314 632 1392 (lib.
656 1313 694 1374 de
716 1312 765 1374 id.
782 1318 812 1375 et
829 1312 959 1393 operib.)
982 1311 1092 1374 etalio
1114 1313 1197 1374 loco:
1220 1310 1279 1390 „ln

138 1415 371 1480 Christianorum
394 1419 504 1497 nuptiis
527 1416 593 1496 plus
616 1416 696 1478 valet
718 1419 859 1478 sanctitas
876 1419 1070 1494 matrimonii,
1093 1433 1183 1497 quarn
1206 1415 1277 1478 loe-

138 1520 274 1583 cuoditas
304 1521 416 1582 uteri.“
462 1519 586 1600 llocque
616 1525 681 1580 erat
710 1536 749 1580 cn
778 1522 894 1581 ratione
926 1523 1050 1581 omnino
1072 1522 1276 1592 conveniens3

138 1643 205 1685 cum
235 1627 315 1685 enim
346 1641 386 1684 ex
408 1622 515 1684 Christi
543 1622 612 1704 lege
641 1619 762 1697 (llatth.
793 1641 818 1686 c.
842 1621 873 1686 5.
901 1627 932 1683 ct
953 1639 978 1686 c.
1007 1620 1067 1696 19)
1096 1625 1278 1684 matrimonii

137 1726 290 1788 vinculum
314 1731 353 1787 sit
376 1723 555 1806 perpetuum
574 1732 606 1785 et
628 1729 657 1786 vi
679 1725 760 1786 illins
784 1730 942 1786 teneantur
966 1724 1003 1787 ad
1025 1723 1278 1788 cohabitationem

138 1834 329 1910 perpetuam,
361 1846 437 1908 quae
469 1813 648 1911 gravisstma
669 1825 775 1888 iisdem
798 1830 924 1907 imponit
946 1845 1055 1906 onera,
1087 1827 1278 1890 intolerabile

134 1932 242 2014 jugum
267 1931 360 2008 toret,
393 1934 449 1992 nisi
474 1933 530 2011 ipsi
554 1935 748 1992 innexuisset
769 1935 896 2012 gratiam
920 1948 1003 1992 suam
1028 1930 1066 1993 ad
1088 1929 1163 1994 hacc
1184 1947 1279 1994 onera

138 2033 255 2097 facilius
278 2033 460 2098 sustinenda.

227 2136 261 2198 ll.
287 2137 319 2198 ln
343 2137 525 2200 instituendo
556 2143 655 2198 tamen
684 2139 863 2200 matrimonii
894 2134 1119 2200 Sacramentum
1143 2137 1279 2202 Christus

139 2241 285 2303 Dominus
313 2240 386 2302 nihil
412 2241 580 2302 immutavit
610 2243 639 2300 in
669 2238 797 2301 naturali
828 2241 1006 2300 matrimonii
1038 2243 1188 2314 essentia,
1225 2239 1280 2302 sed

138 2343 213 2404 hanc
234 2347 329 2422 ipsam
354 2345 484 2406 elevavit
505 2343 542 2407 ad
565 2347 675 2404 statum
698 2347 728 2404 ei
750 2341 927 2426 dignitatem
951 2342 1146 2421 sacramenti,
1172 2343 1281 2406 decla-

139 2445 233 2508 rando
265 2447 429 2508 maritalem
458 2449 698 2529 conjunctionem
727 2450 758 2508 in
788 2449 908 2530 signum
937 2449 1103 2508 immensae
1125 2445 1281 2510 charitatis

137 2549 215 2612 Suae
236 2568 309 2632 erga
330 2549 514 2628 Ecclesiam,
539 2557 569 2612 et
592 2551 766 2632 praesertim
785 2546 922 2632 jugendo
945 2565 1014 2608 cum
1041 2549 1109 2627 illa,
1142 2553 1185 2614 uti
1209 2569 1279 2614 cum

139 2657 227 2736 signo
251 2659 388 2730 externo,
412 2657 549 2736 gratiam,
574 2671 651 2734 quae
675 2649 840 2713 naturalem
860 2655 939 2712 inter
962 2651 1177 2715 contrahentes
1192 2673 1282 2718 arno-

140 2775 203 2818 rem
228 2757 398 2846 perhceret,
422 2761 452 2816 ei
468 2752 706 2816 indissolubilem
725 2756 869 2814 unitatem
888 2753 1091 2834 confirmaret,
1115 2758 1283 2844 conjuges-

140 2879 198 2940 que
221 2859 422 2922 sanctificaret
443 2877 481 2918 eu
505 2861 618 2920 meritis
641 2859 786 2938 passionis
809 2853 930 2930 suae.¹)
959 2855 1036 2918 Hinc
1053 2855 1280 2922 Sacramentum

140 3041 345 3049 ....-——-——-

172 3147 194 3214 ¹)
212 3148 244 3198 ci.
264 3146 341 3199 Gcnc.
356 3146 421 3199 iric.
440 3164 501 3198 sess.
520 3147 562 3199 al.
582 3146 646 3198 doct.
666 3149 771 3199 matrim.
789 3149 813 3212 s.
829 3147 854 3198 2.
874 3143 976 3197 Oatecb.
988 3143 1059 3197 hom.
1077 3145 1093 3196 l.
1105 3163 1126 3198 c.
1146 3165 1170 3217 q.
1185 3147 1228 3212 ld,
1244 3149 1283 3201 17.

209 3231 283 3285 ,licata
302 3249 323 3284 s.
340 3232 460 3284 Thoma-
479 3246 636 3295 consensus,
659 3236 703 3370 qusi
721 3232 798 3284 allicit
816 3234 1001 3368 matrimonitpm
1020 3232 1158 3367 secpndnm
1178 3247 1221 3296 ra,
1245 3242 1284 3286 est

212 3335 288 3371 causa
307 3321 469 3382 matrimonii,
487 3327 612 3387 quatenus
630 3327 668 3376 est
704 3325 892 3380 aeramentum,
912 3333 943 3369 ex
979 3319 1048 3369 lvina
1075 3320 1231 3370 natitatiane.
1249 3349 1283 3358 -

212 3407 294 3474 suppl.
313 3423 337 3474 q.
355 3407 398 3456 45.
417 3422 439 3456 a.
461 3405 483 3456 l.
503 3405 534 3456 ad
556 3405 578 3457 l.
595 3404 651 3457 Alio
670 3405 738 3456 loco:
768 3403 911 3454 Dicendum
932 3402 999 3473 quod
1017 3407 1133 3473 quamvis
1152 3408 1283 3458 matrimo-

211 3493 280 3542 nium
298 3493 331 3541 sit
348 3499 544 3554 sacramentum,
569 3500 653 3542 tamen
672 3489 740 3542 aliud
758 3497 796 3541 est
814 3492 989 3552 matrimonio,
1014 3507 1070 3542 essa
1088 3493 1284 3555 matrimonium,

211 3586 237 3628 et
254 3576 321 3628 aliud
340 3585 379 3627 est
397 3580 434 3637 ei,
459 3593 515 3628 ense
533 3577 737 3630 Sacramentum:
763 3577 820 3646 quia
839 3592 890 3630 uon
909 3575 990 3628 solum
1009 3575 1041 3627 ad
1061 3577 1109 3629 boc
1126 3585 1164 3628 cat
1181 3580 1284 3634 instita-

212 3673 280 3726 tum,
299 3670 326 3714 ut
343 3666 375 3714 ait
392 3666 518 3732 insignum
538 3680 584 3716 nec
602 3679 703 3726 merae,
727 3663 771 3714 sed
792 3663 864 3714 etiam
891 3671 917 3713 ut
936 3665 966 3714 ait
990 3665 1014 3714 in
1033 3663 1144 3716 cilicium
1162 3673 1284 3728 namnam

213 3759 239 3801 et
262 3749 319 3799 ideo
344 3750 408 3800 ratio
433 3749 587 3802 sacramenti
611 3758 650 3800 est
673 3747 798 3818 quaedam
821 3747 934 3800 conditio
959 3749 1095 3801 dveniens
1117 3755 1284 3802 matrimonio

212 3835 350 3886 secandum
368 3852 395 3884 re
413 3835 583 3898 cmridcrato,
601 3853 632 3886 ex
650 3850 700 3904 quo
715 3835 873 3887 honestatem
891 3837 968 3886 etum
981 3833 1070 3897 babet3
1088 3835 1182 3888 etideo
1197 3853 1283 3888 sacra-

213 3919 355 3974 mentaliter
373 3921 444 3985 ejus,
468 3930 495 3971 ut
512 3923 545 3971 ita
564 3921 645 3972 dicam
664 3924 762 3988 ponitur
788 3924 854 3972 inter
872 3920 939 3975 baua
965 3921 1123 3975 boreattutia
1150 3927 1283 3977 mamimu-

214 4010 293 4063 uium.
311 4005 394 4078 suppl.
412 4023 436 4078 q.
457 4005 498 4058 ie.
516 4023 539 4058 a.
558 4009 583 4062 2.
602 4006 643 4060 ad.
662 4011 687 4060 i.
