2736 4660
459 219 539 274 maus
557 219 763 274 acunumiae.
781 224 784 233 ·
1127 197 1192 272 ait

52 375 123 440 lam.
169 373 260 440 Panlo
283 385 351 460 post
372 376 526 461 Virginia,
559 383 654 460 ipsius
675 377 835 440 euersum
862 380 972 455 naar,
1002 387 1084 458 (pua
1109 379 1193 458 prius

53 481 112 543 luit
134 497 213 544 uxor
228 477 446 546 Bartholomaci
465 478 602 560 danielli,
626 481 824 563 agricultoris,
847 487 880 542 et
897 487 966 561 post
980 481 1046 561 ejus
1065 484 1192 544 noram

52 590 157 664 nupsit
185 585 306 667 Angelo
335 586 476 663 Carozio,
511 585 702 648 denunciavit
732 581 809 663 apud
837 581 913 645 Acta
942 579 1040 662 Episc.
1073 583 1191 662 Gurlae,

49 687 251 770 jurejurando
268 691 468 768 interposito,
499 703 533 750 se
556 683 646 750 dliam
670 686 749 748 illam
773 699 949 767 procreasse
970 703 1031 748 aon
1052 702 1093 746 ex
1116 685 1193 748 Bar-

54 791 243 870 tholomaeo,
279 795 372 870 priori
405 795 528 868 nramto,
562 789 615 852 sed
648 795 692 850 exx
716 789 833 852 loanne
864 789 1005 865 Caronio,
1044 789 1191 855 avunculo

53 899 213 956 memorati
236 895 386 956 Branclsci
410 893 566 972 Giamrlni,
599 909 728 973 cumque
751 891 888 954 Lucretia
918 895 1069 952 contraxit
1095 905 1192 971 spon-

52 997 139 1068 salia,
164 995 349 1078 proindeque
372 1001 563 1060 matrimonio
585 999 663 1058 inter
686 1013 739 1058 cos
761 995 897 1058 ineundo
921 994 1042 1056 obstare
1058 994 1192 1060 Canoni-

51 1121 123 1163 cum
146 1101 398 1182 impedimentum.
425 1101 529 1182 ltaque
551 1116 623 1161 num
641 1103 713 1160 satis
735 1095 957 1177 dehujusmodi
980 1097 1192 1177 impedimento

52 1202 184 1284 liqueat,
210 1203 406 1286 judicandum
437 1203 474 1264 ab
495 1201 551 1266 hac
575 1200 602 1264 S.
628 1202 658 1263 C.
684 1208 744 1279 est,
774 1200 809 1262 ad
833 1217 921 1280 quem
946 1199 1084 1264 Lucretia
1111 1217 1191 1262 anno

51 1311 210 1386 superiore
233 1303 384 1388 confugit,
417 1306 571 1386 postulans
593 1305 678 1385 rejici
702 1303 897 1380 malevolam,
924 1309 1099 1382 turpemque
1122 1321 1191 1364 rna-

52 1413 109 1469 tris
132 1407 342 1489 objectionem.
935 1480 938 1487 Ι

145 1509 228 1582 Quae
250 1529 290 1572 cx
313 1511 500 1574 documentis
522 1509 718 1591 ahEplscopo
741 1513 921 1571 transmissis
944 1507 980 1570 ad
999 1527 1023 1570 s.
1039 1510 1190 1592 Gongrag.

51 1614 254 1689 deducantur,
278 1613 353 1677 lraec
375 1621 460 1677 sunt:
499 1614 636 1676 Lucretia
659 1611 738 1672 edita
761 1615 792 1673 in
816 1613 911 1673 lucem
934 1629 951 1674 a
974 1609 1112 1694 Virginis
1136 1611 1191 1672 luit

51 1717 103 1776 die
126 1715 176 1780 25.
201 1717 282 1797 Sept.
313 1711 406 1792 tirl;
440 1715 683 1780 Bartholomaeus
707 1733 779 1780 vero
803 1715 971 1792 Cantcllus,
1003 1714 1089 1792 caius
1118 1719 1192 1775 tunc

51 1837 133 1880 uxor
155 1826 219 1880 erat
243 1819 387 1903 Virginia,
410 1819 550 1882 occuluit
572 1819 666 1881 trihus
690 1827 756 1898 post
779 1819 941 1894 mensibus,
967 1833 1057 1899 quam
1075 1816 1191 1878 Lucre-

51 1929 93 1982 tia
118 1927 182 1982 orta
206 1921 311 1984 luerat.
360 1923 389 1984 ln
414 1923 573 2002 parochiali
596 1921 686 1998 libro,
711 1927 742 1983 tn
765 1937 854 2003 quem
877 1925 998 1984 nomina
1020 1902 1190 1999 baptizatu—

49 2043 118 2086 rum
141 2025 329 2102 referuntur,
359 2023 495 2088 Lucretia
518 2029 627 2104 scripta
651 2025 726 2103 luit,-
755 2031 796 2087 uti
828 2026 886 2088 hlta
909 2025 986 2088 Bart.
1010 2023 1135 2088 Gantelll
1158 2029 1192 2084 et

49 2127 224 2210 virginiae,
255 2127 321 2209 ejus
345 2133 457 2191 uxoris.
503 2129 593 2190 Anno
615 2127 718 2188 itidem
746 2124 837 2197 1725,
861 2144 927 2190 curn
951 2126 1189 2190 confirmationts

49 2230 276 2292 Sacramentum
306 2229 442 2292 Lucretia
472 2236 655 2312 susceperit,
690 2229 838 2310 descripta
871 2230 926 2292 luit
957 2235 1096 2312 tanquam
1128 2229 1188 2296 itia

48 2333 201 2414 quondam
225 2331 442 2394 Bartholomaei
466 2333 606 2412 cantelll,
631 2340 662 2396 et
685 2331 856 2417 virginiae,
881 2334 946 2414 ejus
969 2339 1082 2396 uxoris.
1213 2319 1214 2323 ¹

137 2437 177 2498 At
210 2433 360 2518 Virginia,
391 2435 547 2498 Lucretiae
578 2443 686 2515 mater,
719 2439 776 2498 rite
801 2440 988 2518 interrogata
1015 2433 1094 2516 apud
1123 2441 1189 2498 aeta

47 2539 159 2602 Curiae
177 2537 276 2619 Episc.
298 2543 395 2620 lnquit
417 2557 450 2601 se
473 2555 578 2602 mense
596 2539 743 2621 Septemb.
773 2536 853 2602 1713
876 2539 1030 2618 expulsam
1053 2536 1186 2602 attacti.

47 2643 199 2719 Cantello,
225 2646 290 2704 viro
312 2659 385 2716 suo,
409 2641 517 2721 luisse,
552 2643 592 2706 ad
611 2659 740 2725 eumque
763 2641 890 2704 rediisse
913 2645 992 2704 circa
1016 2647 1186 2723 postremos

46 2745 114 2806 dies
128 2741 336 2807 Baccanallum
358 2746 558 2826 sequentium.
582 2745 699 2808 lnterea
719 2761 792 2807 vero
816 2751 1031 2828 praegnantem
1055 2759 1089 2806 se
1109 2745 1185 2806 red·-

45 2847 139 2912 ditam
157 2848 250 2910 l'uisse
267 2845 413 2910 aloaune
428 2847 564 2926 Garozio,
589 2855 639 2930 qui
658 2855 726 2911 tunc
743 2847 913 2911 connubiali
932 2848 1051 2910 vinculo
1065 2848 1188 2928 junctus

45 2958 113 3014 erat
135 2949 234 3034 Magrl.
260 2947 297 3010 de
320 2949 506 3030 Benedictis,
531 2957 643 3033 quique
661 2952 722 3033 jam
746 2955 851 3012 vivere
874 2951 971 3012 desiit.

134 3053 325 3116 inhonestam
348 3046 595 3116 consuetudinem
624 3071 691 3117 curn
718 3051 798 3117 dicto
819 3051 936 3116 loanne
958 3053 1087 3117 Oaroaic
1108 3069 1188 3117 con·-

42 3159 204 3222 firmarunt
232 3162 369 3238 quatuor·
391 3161 483 3218 testas
511 3161 568 3220 rite
597 3158 701 3224 itidem
728 3157 840 3236 auditi,
873 3161 1046 3220 asserentes
1067 3175 1188 3238 quoque

43 3261 156 3324 lamam
179 3261 245 3342 ejus
267 3264 312 3321 rci
334 3264 365 3320 in
388 3274 508 3320 omnem
530 3272 639 3344 pagam
668 3261 762 3324 luisse
784 3266 933 3346 vagatum,
978 3259 1072 3343 Ajuot
1094 3277 1187 3340 prae-

42 3370 130 3427 tcrea
154 3362 322 3448 Virginiam
345 3363 446 3443 aliquo
476 3368 620 3444 temporis
642 3368 755 3446 spatio,
786 3364 854 3427 dum
878 3383 914 3428 ea
937 3383 1029 3446 prava
1052 3379 1187 3424 consue-

44 3463 156 3529 tudine
179 3471 317 3550 vigeret,
358 3471 502 3530 moratam
533 3465 627 3528 fuisse
659 3473 744 3529 extra
775 3467 896 3530 domum
930 3465 1029 3528 Barth.
1062 3463 1187 3527 Cantelli

43 3573 157 3648 mariti,
177 3569 230 3632 sed
255 3570 436 3650 peculiarem
453 3587 574 3648 annum,
598 3568 710 3650 quaid
733 3573 904 3653 contigerit,
928 3587 968 3630 ex
990 3585 1095 3631 eorum
1119 3585 1188 3629 rne-

44 3679 142 3735 moria
165 3672 326 3736 excidisse.
368 3673 435 3736 Duo
458 3687 578 3754 quoque
601 3689 705 3736 eorum
730 3677 848 3737 testium
871 3670 993 3750 addunt,
1018 3670 1187 3733 Lucretiam

40 3779 140 3857 ipsius
165 3769 319 3866 Virginiae
349 3774 437 3838 liliam
465 3779 575 3857 passim
605 3780 802 3866 consuevisse
830 3779 862 3836 in
890 3791 927 3836 co
954 3773 1022 3836 loco
1044 3772 1187 3854 appellari

41 3879 245 3962 illegitimam.
287 3877 414 3940 Accedit
444 3875 592 3960 denique,
621 3877 701 3958 quod
722 3897 802 3943 anno
828 3875 926 3955 1718,
958 3894 1026 3940 cum
1050 3875 1187 3958 Virginis

41 3987 112 4063 post
136 3979 251 4044 obitum
275 3980 496 4048 Bartholomaei
513 3981 637 4047 Cautelli
660 3985 883 4045 matrimonium
905 3979 1023 4074 iterare
1039 3979 1187 4078 voluisset
