2746 4646
120 202 123 205 ’
198 185 258 255 144
486 201 524 254 De
541 200 727 270 impedimentis
747 203 934 256 matrimonium
951 201 1136 256 dirimentibus.
1174 238 1177 244 ·

194 358 420 445 gradumdicta
443 356 603 438 prohibitio
634 367 680 422 est
712 364 867 436 restricta,
898 363 970 440 qnia
1001 374 1097 442 usquo
1127 359 1166 423 ad
1189 365 1337 441 'murtam

104 533 106 538 χ
196 467 422 548 generationem
451 459 587 524 homines
613 467 717 524 vivere
744 469 982 539 consueverant,
1019 469 1051 526 ut
1079 467 1125 527 sio
1148 479 1212 524 non
1245 466 1338 542 possit

196 569 467 650 consanguinitatis
489 569 634 628 memoria
657 565 780 631 aboleri.

282 668 442 744 Quaestio.

176 781 180 790 '
270 770 452 853 ,Quaeritur
463 767 520 848 1⁰).
564 771 612 834 Au
629 776 794 834 universim
811 776 992 853 quicumque
1014 777 1120 851 quinto
1136 771 1239 854 gradu
1261 777 1337 835 inter

195 893 229 938 so
251 873 377 953 distmrt,
412 879 632 938 matrimonium
663 873 840 936 contrahere
863 879 995 954 possint,
1028 875 1098 936 iicet
1128 893 1208 938 unus
1232 893 1337 938 eorum
1367 883 1368 960 j

196 997 212 1040 a
235 979 386 1040 communi
409 981 509 1056 stipite
533 977 623 1040 distet
644 982 722 1040 intra
746 978 872 1062 gradum
894 976 1057 1058 quartum?

204 1072 205 1076 ’
281 1085 314 1160 lp.
361 1079 439 1142 Satis
470 1085 601 1156 constat,
636 1097 726 1168 posse
757 1085 980 1152 matrimonium
1012 1084 1078 1142 sine
1108 1079 1338 1162 dispensatione

195 1182 326 1248 validum
348 1187 437 1259 irrite,
461 1188 486 1244 si
508 1188 551 1261 is,
575 1189 626 1264 qui
648 1189 846 1264 propinquior
868 1190 914 1246 est
936 1188 1087 1246 cummuni
1110 1188 1222 1265 stipiti,
1250 1185 1338 1248 distet

196 1285 232 1348 ab
255 1302 292 1347 ec
315 1285 468 1364 secundo,
493 1291 599 1363 tertio,
630 1293 680 1350 aut
701 1294 810 1367 quarto
841 1287 951 1370 grodu;
979 1286 1105 1350 babetur
1127 1304 1280 1366 expresse
1303 1287 1336 1348 de

195 1393 300 1470 quintu
322 1387 419 1471 gradu
441 1394 586 1472 tangente
604 1395 745 1469 unanimo
767 1396 799 1452 in
818 1392 887 1471 jure
905 1391 1015 1454 Canon.
1029 1389 1068 1468 ¹),
1091 1389 1184 1472 quod,
1208 1407 1252 1451 ex
1276 1395 1338 1470 pari

195 1497 323 1571 ratione,
346 1496 546 1555 communiter
569 1493 741 1556 extenditur
762 1493 797 1556 ad
822 1499 942 1556 tertium
965 1499 994 1556 et
1017 1494 1183 1556 secundum
1208 1493 1338 1576 gradum

196 1599 320 1658 rriixtom
343 1613 416 1662 ,curn
446 1591 596 1675 quimdiu
649 1594 813 1658 Difficultas
841 1617 857 1658 e
887 1602 989 1676 paucis
1012 1603 1170 1674 movetur,
1200 1601 1229 1658 si
1261 1615 1340 1658 unus

196 1716 236 1758 ex
258 1696 501 1760 contrahentibus
524 1698 620 1760 solum
644 1698 734 1766 distet
757 1704 853 1779 primo
882 1700 978 1783 gradu
1000 1719 1016 1762 a
1040 1705 1341 1782 stipite=eommuni3

196 1797 258 1862 sed,
272 1804 298 1862 si
321 1799 387 1862 tatis
409 1817 506 1879 casus,
531 1805 582 1881 qui
605 1806 657 1864 vix
679 1803 830 1882 possibilis
853 1807 909 1879 est,
933 1809 1081 1882 occurrat,
1106 1801 1272 1866 dicendum
1297 1809 1342 1864 est

195 1903 288 1966 molto
312 1901 513 1982 probabihus,
536 1921 596 1966 non
621 1905 740 1966 obstare
762 1905 1028 1986 impedimentum,
1053 1911 1122 1988 quia
1145 1910 1240 1968 etiam
1264 1905 1341 1968 tales

196 2004 409 2070 contrahentes
435 2011 517 2068 inter
545 2023 579 2068 se
608 2007 719 2070 distant
752 2013 857 2090 quinto
887 2009 1000 2092 gradu,
1037 2027 1105 2070 cum
1135 2010 1226 2090 juxta
1261 2009 1342 2090 juris

196 2105 367 2187 normam3)
391 2107 502 2191 gradus
525 2115 670 2174 remotior
692 2111 785 2174 adse
808 2111 905 2176 trahat
929 2117 1118 2174 viciniorem.

284 2212 453 2288 Quaeritur
476 2211 525 2288 2⁰)
546 2213 642 2293 qualis
668 2217 841 2296 ignorantia
874 2220 998 2278 excuset
1029 2214 1066 2276 ab
1089 2219 1342 2276 excommunica-

196 2321 278 2382 tione
299 2321 332 2380 iu
354 2315 449 2400 gradu
473 2315 887 2396 prohibitocontrahentes?
910 2329 914 2336 ’

280 2420 317 2494 oh.
340 2420 461 2482 Certum
484 2424 530 2482 est
553 2437 698 2482 excusare
722 2437 840 2484 omnem
855 2425 1056 2504 ignorantiam
1078 2419 1158 2498 facti
1170 2439 1179 2494 ;
1203 2425 1235 2480 et
1257 2419 1343 2482 idem

196 2529 242 2589 est
264 2522 424 2585 dicendum
447 2521 484 2589 de
513 2526 683 2605 ignorantia
709 2523 788 2603 juris
816 2523 983 2586 invincibili
990 2543 999 2599 3
1030 2527 1204 2606 ignorantia
1235 2528 1368 2586 autem

152 2658 160 2668 ·
196 2623 351 2707 culpabilis
373 2643 434 2688 non
467 2631 608 2704 excusat,
642 2631 667 2688 si
698 2630 736 2687 sit
759 2625 912 2708 affectata,
944 2645 1032 2707 quam
1061 2627 1106 2688 iili
1128 2625 1257 2704 babent,
1292 2631 1342 2706 qui

196 2735 274 2795 scire
303 2729 429 2808 nolunt,
461 2729 541 2810 quod
573 2733 652 2792 scire
685 2729 847 2804 deberent,
878 2731 969 2812 idque
992 2737 1024 2792 ut
1048 2731 1170 2792 liberius
1193 2735 1342 2812 peccent;

195 2836 367 2916 ignorantia
389 2836 488 2896 autem
512 2837 601 2894 etiam
625 2849 741 2908 crassa,
775 2837 799 2894 si
823 2833 960 2896 affectata
982 2851 1042 2896 non
1065 2839 1120 2918 sit,
1151 2832 1342 2914 probabilius

197 2940 321 2998 excusat
349 2939 394 2997 sio
423 2934 633 2998 contrahentes
659 2935 698 3007 ¹ab
735 2941 1064 3016 excommunicatione,
1098 2939 1168 3018 qudo
1205 2954 1341 3000 censura

197 3054 260 3101 uon
281 3041 454 3116 incurritur,
476 3041 534 3102 nisi
544 3042 767 3102 interveniente
791 3038 872 3120 dolo,
896 3045 946 3103 aut
959 3039 1036 3103 mala
1058 3037 1136 3116 fide;
1159 3043 1244 3121 atqui
1267 3039 1342 3102 doto

198 3177 403 3194 uua-nunu·-

265 3289 362 3352 quaest.
381 3282 423 3334 54.
441 3297 464 3334 a.
481 3283 506 3334 t.
525 3298 547 3334 o.
566 3290 590 3334 et
609 3281 640 3334 ad
659 3285 683 3334 7.
701 3311 736 3322 -
755 3281 844 3334 Notatu
862 3282 965 3352 dignum
984 3293 1038 3348 est,
1063 3282 1131 3352 quod
1148 3299 1163 3334 a
1181 3282 1288 3350 saeculo
1309 3283 1341 3334 Vi

263 3367 392 3438 usquead
410 3383 475 3420 meo.
492 3366 559 3422 xiii.
578 3371 723 3421 remotiores
740 3369 833 3438 gradus
852 3369 970 3437 prohibiti
995 3370 1111 3430 fuerunt,
1131 3367 1223 3420 Divina
1235 3357 1338 3435 ‘provi-

263 3453 349 3507 dentia
366 3457 402 3507 sic
420 3453 561 3520 ordinante,
579 3464 607 3508 ut
624 3456 667 3508 tali
678 3454 753 3508 modo
770 3455 870 3508 socialis
888 3458 940 3508 vite
958 3456 1117 3524 colligaretur
1135 3457 1201 3508 inter
1215 3457 1339 3507 nationes

262 3541 391 3604 barbaras,
416 3556 482 3610 quae
509 3541 584 3608 paulo
602 3549 676 3596 antea
698 3544 842 3608 invaserant
860 3543 998 3596 Romanum
1017 3543 1168 3610 imperium,
1193 3548 1219 3592 et
1237 3550 1342 3595 veteres

263 3629 361 3696 imperii
379 3627 492 3692 incolas,
511 3625 578 3680 uude
596 3626 680 3680 dicero
698 3627 767 3690 licet,
791 3644 822 3680 ex
840 3627 888 3680 bac
906 3627 1073 3697 prohibitione
1091 3643 1185 3696 magua
1205 3643 1262 3681 essa
1284 3637 1342 3680 orta

263 3712 396 3766 commoda
414 3729 460 3781 pro
477 3713 546 3768 bono
563 3718 696 3768 communi.
731 3713 835 3766 Berardi
855 3733 879 3784 p.
899 3715 940 3768 98.
960 3715 1001 3766 99.

222 3797 243 3866 ¹)
262 3795 314 3852 tii.
332 3797 373 3852 iv.
392 3799 492 3854 diecret.
510 3804 547 3854 tit.
568 3803 607 3856 it.
625 3818 647 3854 o.
667 3801 710 3855 uit.
797 3861 798 3866 η

221 3888 243 3952 ²)
261 3884 374 3952 Sanehea
392 3885 435 3942 lib.
455 3891 479 3942 t.
498 3883 561 3957 disp.
580 3891 621 3942 52.
640 3890 707 3943 nt.
726 3886 838 3956 Fmoao.
862 3889 886 3938 in
907 3904 928 3940 o.
947 3887 991 3940 fin.
1010 3890 1052 3940 cit.
1071 3904 1096 3940 n.
1115 3888 1139 3940 2.
1158 3887 1305 3960 Schmalzg.

221 3971 244 4040 ³)
261 3967 314 4024 bib.
332 3973 374 4026 iv.
393 3971 492 4028 Dacrct.
511 3977 547 4028 tit.
568 3973 607 4028 1⁴.
626 3990 648 4028 c.
666 3977 690 4030 9.
