2742 4660
290 211 295 216 ”
350 235 388 290 De
403 235 589 306 imprimentia
607 239 758 294 matrimonii
776 240 803 292 iu
819 255 923 310 genera.
1159 219 1204 288 w

71 391 124 452 sed
146 390 287 472 dubium,
317 412 351 456 ae
374 393 500 475 proinde
521 398 640 478 utrique
662 395 705 457 'ad
727 395 960 460 contrahendum
988 393 1068 460 atiud
1097 401 1219 460 metn-

72 498 203 556 monium
226 496 383 560 manifeste
405 497 503 560 obstat
525 497 647 560 dublum
670 517 709 561 ex
730 497 788 562 boo
811 503 1000 564 matrimonio
1022 504 1213 582 proveniens·

71 597 315 676 impedimentum
348 599 512 684 ligaminis3
545 599 578 675 b)
608 605 633 664 si
660 605 760 664 autern
789 619 867 666 uuus
896 603 1058 686 conjugum
1084 607 1203 690 tantum

72 698 159 762 dubia
181 697 256 778 fide,
286 701 362 764 alter
383 702 460 766 bona
483 701 542 764 fide
565 707 785 766 matrimonium
808 709 923 784 inierit,
947 705 1015 784 ille,
1043 708 1093 786 qut
1115 703 1206 779 dubia

72 801 129 864 fide
153 807 225 886 egit,
248 810 281 864 ut
297 810 387 883 patet,
411 823 471 868 non
488 805 576 868 babet
593 806 644 888 jus
659 806 695 869 ad
713 824 800 872 urum
818 811 1008 887 matrimonii,
1031 825 1067 870 ae
1080 806 1205 888 proinde

72 923 131 968 non
154 912 251 986 potest
267 905 398 968 debitum
417 914 528 988 petere,
553 909 607 971 sed
625 916 731 990 petest,
755 915 847 974 immo
863 909 952 972 debet
966 909 1095 974 reddere
1108 909 1205 988 atteri,
1301 937 1304 948 ·

72 1013 120 1087 qui
150 1009 226 1072 bona
256 1009 315 1071 tide
343 1016 507 1087 contraxit,
536 1017 605 1092 quia
627 1011 675 1074 hie
701 1017 816 1077 ratione
838 1017 1008 1078 contractus
1037 1012 1115 1077 bona
1146 1011 1205 1076 fida

70 1115 134 1173 initi
164 1118 210 1173 est
239 1129 395 1194 possessor
421 1114 518 1178 bonae
544 1114 629 1191 fidei,
659 1115 795 1198 adeoque
821 1116 911 1181 habet
934 1119 985 1200 jus
1007 1115 1145 1200 petendi,
1175 1121 1206 1179 et

70 1215 172 1277 utendi
196 1234 239 1292 re,
264 1216 405 1298 quamdiu
428 1235 495 1279 eam
517 1217 592 1281 bone
617 1217 677 1282 fide
700 1225 783 1302 putat
804 1239 872 1284 esse
895 1239 989 1282 suam.

156 1318 205 1384 tv.
230 1319 259 1384 Si
283 1320 402 1383 dubium
418 1325 626 1400 supervenerit
649 1327 869 1386 matrimonium
885 1323 963 1386 bona
986 1323 1044 1386 fide
1067 1325 1105 1388 ab
1120 1329 1206 1388 utro-

70 1441 128 1502 que
143 1429 339 1502 contraotum,
363 1427 531 1486 communis
553 1430 699 1488 sententia
713 1430 769 1506 est,
794 1429 950 1511 conjuges,
974 1427 1065 1490 dedito
1087 1433 1203 1506 exorto,

70 1545 130 1587 non
155 1543 243 1604 posse
267 1544 366 1607 noque
387 1532 491 1607 petere
513 1545 612 1610 nequa
639 1528 766 1591 reddere
788 1529 936 1610 debitum,
967 1537 1126 1612 antequam
1149 1529 1206 1593 ad-

70 1629 221 1690 hibuerint
248 1629 447 1692 sufficientem
480 1629 665 1713 diligentiam
695 1632 732 1694 ad
762 1637 918 1696 veritatem
949 1631 1206 1717 cognoscendam

70 1739 93 1796 si
126 1741 244 1814 autem,
280 1738 346 1814 post
377 1751 504 1795 examen
536 1733 690 1797 sufficiens
721 1739 906 1816 institutum,
940 1735 1036 1799 adhue
1069 1737 1207 1817 persistat

69 1837 203 1916 dubium,
229 1843 331 1917 petere
353 1842 383 1897 et
405 1835 532 1898 reddere
555 1841 674 1918 utrique
697 1838 774 1902 licet.
820 1839 906 1902 Ratio
930 1846 990 1918 est,
1015 1843 1083 1922 quia
1107 1855 1207 1923 gene-

69 1940 335 2020 raliterloquendo
357 1939 453 2002 bonae
470 1939 539 2002 fidei
564 1958 729 2020 possessor,
754 1947 779 2004 si
802 1942 916 2004 dubitet
932 1959 996 2004 rem
1020 1959 1087 2004 ease
1110 1959 1205 2019 suam,

71 2051 100 2104 ει
122 2049 191 2124 post
213 2042 366 2105 sufficiens
390 2060 516 2104 examen
540 2050 671 2124 nequeat
692 2044 812 2108 dubium
837 2046 1003 2126 deponere,
1028 2049 1125 2125 potest
1147 2060 1207 2106 non

69 2153 183 2208 tantum
207 2165 270 2208 rem
294 2145 438 2223 detinere,
463 2145 517 2206 sed
540 2149 630 2208 etiam
653 2145 702 2208 iila
726 2153 777 2225 uti,
804 2155 942 2230 tanquam
965 2167 1035 2228 sua,
1064 2165 1118 2209 seu
1141 2163 1207 2209 eam

70 2250 219 2327 alienare,
243 2253 331 2310 etiam
355 2251 387 2308 in
409 2245 466 2310 hoe
489 2267 560 2310 casu
579 2249 659 2310 valet
680 2255 815 2313 axiomaa
839 2251 897 2330 „ln
920 2251 1009 2313 dubio
1033 2251 1139 2312 melior
1161 2253 1207 2311 est

69 2351 202 2414 conditio
232 2351 443 2430 possidentis“,
474 2355 520 2413 ett
560 2351 618 2430 „in
640 2351 730 2414 dubio
757 2371 846 2415 nemo
877 2353 1039 2433 privandus
1069 2357 1115 2414 εει
1137 2351 1208 2432 jure

68 2455 162 2516 semel
191 2454 325 2536 legitime
355 2456 535 2533 acquisito‘.
580 2454 645 2517 Non
677 2461 723 2517 εει
749 2455 914 2536 perieulum
946 2455 1078 2518 formatis
1110 2454 1208 2517 iorni-

67 2561 207 2632 cationis‚
232 2559 300 2637 quin
324 2562 421 2618 stante
445 2555 500 2620 boo
524 2557 613 2620 dubio
636 2559 819 2638 speculativo
843 2558 881 2620 de
903 2558 1005 2622 valore
1028 2559 1208 2619 matrimonii

66 2666 168 2742 potest
196 2659 286 2722 simut
309 2662 473 2721 consistere
496 2659 642 2740 judicium
667 2664 845 2742 practioum,
876 2679 935 2741 quo
958 2659 1140 2741 prudenter,
1169 2675 1209 2720 ex

65 2763 216 2853 adduttisl
234 2762 449 2841 axiomatibus,
475 2761 639 2842 judicatur,
664 2762 777 2824 licitum
800 2781 868 2826 esse
890 2761 940 2826 hic
968 2767 998 2824 et
1020 2780 1098 2824 nune
1120 2779 1208 2840 usum

62 2869 141 2948 juris
175 2865 342 2948 conjugalis
371 2865 506 2947 legitime
535 2869 682 2946 acquisiti.
710 2899 754 2914 —-
785 2865 867 2928 Idem
896 2872 941 2928 est
972 2863 1148 2943 dicendum,
1182 2866 1209 2926 si

64 2989 144 3034 unus
169 2970 332 3051 conjugum
355 2966 453 3046 dubia,
478 2967 553 3029 alter
573 2968 651 3031 bona
674 2968 732 3031 fide
755 2974 974 3072 matrimonium
998 2971 1161 3044 contraxit;
1183 2975 1210 3032 si

63 3073 144 3150 huie,
171 3071 251 3135 bona
274 3069 332 3132 tide
355 3070 533 3150 possidenti,
562 3070 684 3134 dubium
707 3071 865 3134 obvenerit
886 3079 953 3153 post
976 3073 1208 3148 matrimonium,

63 3197 125 3242 non
150 3180 251 3256 potest
272 3191 371 3253 neque
393 3179 496 3254 petere
519 3191 618 3252 neque
640 3173 767 3236 reddere
790 3173 932 3256 debitum,
956 3182 1114 3256 antequam
1137 3171 1210 3234 dili-

64 3283 202 3364 gentiam
225 3276 423 3339 sufficientem
446 3275 613 3338 adhibuerit
636 3275 674 3338 ad
691 3281 846 3340 veritatem
871 3275 1128 3362 cognoscendam
1151 3293 1211 3337 ex-

64 3391 166 3446 amine
188 3386 289 3442 autem
311 3383 458 3458 instituto,
482 3383 598 3444 etiamsi
621 3379 743 3442 dubium
765 3386 980 3461 permanserit,
1001 3383 1052 3464 jus
1074 3381 1210 3463 legitime

64 3489 253 3568 acquisitum
269 3501 329 3545 non
352 3487 474 3561 amittit,
506 3501 541 3544 ao
564 3483 689 3563 proinde
711 3484 804 3547 altera
828 3503 912 3567 pars,
948 3490 981 3547 ut
1003 3489 1090 3546 antea
1112 3487 1210 3562 potest

64 3593 133 3670 ipsi,
158 3592 252 3650 immo
275 3585 364 3647 debet
385 3585 513 3647 reddere
536 3585 679 3648 debitum.
723 3588 872 3667 Denique,
897 3590 923 3648 si
947 3593 1074 3667 uterque
1097 3585 1210 3666 conjux

64 3689 228 3756 bonafide
255 3691 477 3750 matrimonium
504 3692 583 3766 iniit,
618 3694 721 3768 postea
747 3697 846 3752 autem
876 3693 927 3752 uni
957 3695 1070 3750 tantum
1099 3703 1210 3766 super-

65 3799 151 3858 venit
173 3791 296 3856 dubium
320 3791 357 3852 da
373 3791 485 3866 valore,
507 3792 558 3854 iila
581 3811 620 3856 ex
641 3793 748 3856 iisdem
772 3791 938 3856 rationibus
961 3797 1030 3853 ante
1049 3789 1209 3852 adhibitam

67 3898 258 3981 diligentiam
275 3896 345 3977 jure
369 3897 564 3974 matrimonii,
596 3901 628 3958 ut
651 3913 684 3958 re
706 3914 776 3976 sua,
800 3895 926 3976 amplius
948 3898 991 3956 uti
1015 3910 1082 3972 non,
1098 3896 1208 3974 potest,

67 4002 122 4065 sed
144 4000 232 4064 alteri
256 4017 317 4063 non
335 3997 479 4062 dubitanti
500 3999 633 4063 debitum
646 3996 774 4064 reddere
792 4003 892 4081 potest
910 4001 941 4058 et
952 3994 1055 4076 debat3
1078 3991 1210 4060 adbibita
