2746 4646
180 186 241 262 152
438 208 476 262 se
497 205 684 276 imperiumn·
701 203 887 260 mammarum
905 199 1088 256 nunerio.

180 363 350 452 per‘iuisse
374 363 572 447 prohibitum
595 361 759 426 Concilium
781 358 1016 435 illiberitanum,
1039 377 1056 422 a
1079 355 1160 438 305,
1184 362 1218 420 et
1241 356 1326 422 Neo-

180 476 371 535 caesariense
393 487 418 532 a.
443 465 514 530 3¹4.
539 469 730 529 severissime
753 469 856 526 vetant
887 461 1057 544 hujusmodi
1081 465 1275 524 matrimonia
1284 459 1309 538 ¹)
1317 481 1325 538 ;

130 651 131 654 Ἴ
156 569 385 638 ὀιῦοιιιίίιιιπι
399 571 578 652 Epaonense
599 587 625 631 a.
648 567 720 632 517.
745 583 798 629 eos
820 565 857 628 ad
880 568 1092 646 poenitentiam
1115 568 1212 646 recipi
1232 569 1325 643 vetat,

180 683 231 762 qui
253 682 425 739 incestuosa
450 675 637 735 matrimonia
660 675 886 748 contraxerunt,
911 671 968 730 nisi
992 685 1026 731 se
1037 673 1178 750 separent
1184 687 1193 744 ;
1219 671 1326 730 inces-

121 797 124 802 “
180 788 266 844 tuosa
293 785 396 843 autern
425 773 636 856 nuncupantur
664 776 853 836 matrimonia
881 773 955 834 inita
984 789 1052 833 cum
1076 777 1226 856 cognata,
1259 789 1326 833 curn

183 899 282 962 socru,
307 899 375 943 cum
399 897 494 954 nuru,
519 895 586 940 cum
609 881 706 958 patrui
729 875 834 955 vidua,
858 891 927 938 cum
949 873 1146 951 consobrina,
1171 879 1227 937 aut
1248 891 1327 936 cou-

179 982 320 1051 subrinac
343 983 415 1046 filia.
460 980 655 1054 Ouandonam
678 997 752 1044 vero
773 983 909 1041 instituta
932 979 1024 1042 fuerit
1045 977 1222 1059 disciplina,
1248 995 1326 1058 quae

180 1065 408 1150 nmtrimoniurn'·
425 1089 506 1146 inter
527 1080 631 1146 affines
662 1087 693 1144 in
716 1087 753 1145 iis
776 1082 915 1146 omnibus
939 1079 1082 1164 gradibus
1103 1079 1263 1162 prohibei,
1295 1084 1325 1141 in

180 1185 295 1274 quibus
310 1193 392 1251 inter
412 1189 655 1269 consanguineos
666 1183 845 1266 prohibitum
869 1190 924 1263 est,
950 1182 1027 1246 haud
1050 1189 1123 1248 settis
1143 1188 1232 1248 certo
1248 1201 1324 1246 cou-

180 1298 254 1359 stau
271 1323 274 1334 ·
292 1292 448 1354 ld·tamen
471 1293 671 1352 certissimum
694 1293 751 1367 est,
778 1303 844 1349 eum
867 1292 974 1352 octavo
997 1287 1118 1350 saeculo
1140 1286 1243 1350 locum
1267 1285 1324 1349 ob-

181 1399 327 1475 tinuisse,
360 1401 392 1458 ut
423 1393 528 1476 probru
555 1393 681 1455 Romani
703 1389 826 1454 Concilii
853 1409 880 1453 a.
904 1386 963 1454 721
995 1387 1086 1453 hahiti
1118 1407 1186 1453 can.
1209 1387 1241 1454 9.
1275 1393 1323 1471 qui

142 1563 144 1568 ,
180 1503 403 1562 matrimonium
431 1501 512 1559 inter
539 1493 663 1572 affines,
697 1493 821 1573 proinde
851 1499 942 1575 atque
973 1497 1051 1555 inter
1081 1499 1324 1579 consanguineos

180 1602 359 1664 illimitatum
383 1605 415 1661 in
438 1599 558 1662 modum
581 1601 678 1660 vetat:
702 1595 845 1677 „Siquis
868 1597 906 1659 de
928 1602 1046 1678 propria
1058 1601 1255 1682 cognatione,
1278 1598 1325 1659 vel

181 1720 274 1786 quom
296 1709 446 1782 coenatus
467 1701 589 1781 debuit,
612 1701 732 1764 duxerit
753 1716 897 1780 uxorein,
920 1700 1077 1764 anathema
1100 1703 1173 1765 sit.“
1217 1700 1325 1765 Abeo

181 1812 317 1887 tompore
348 1819 467 1886 semper
498 1809 579 1866 inter
612 1803 715 1866 all'mes
744 1807 948 1882 matrimonia,
981 1803 1089 1884 quibus
1117 1807 1148 1866 in
1180 1803 1323 1888 milibus

181 1910 262 1972 inter
284 1912 536 1991 consanguineos,
560 1911 652 1970 vetita
674 1905 926 1970 luissevidentur.
972 1905 1099 1987 insuper
1120 1907 1191 1970 olim
1214 1907 1325 1987 triplex

183 1999 420 2073 erataffinitatis
443 2027 541 2094 genus
552 2009 595 2086 ²);
624 2009 677 2073 sed
701 2014 770 2090 quia
792 2014 855 2070 tum
885 2026 925 2070 ex
956 2009 1013 2072 liae
1033 2010 1141 2090 triplici
1164 2007 1323 2087 affinitate,

182 2119 252 2176 tum
269 2131 307 2175 ex
329 2118 444 2194 septem
467 2114 620 2198 gradibus,
645 2112 783 2174 similiter
805 2129 839 2174 ac
861 2115 894 2173 in
916 2117 1189 2196 consanguinitate,
1214 2129 1324 2197 magna

183 2211 342 2278 difficultas
369 2215 543 2300 frequenter
571 2221 676 2280 exorta
707 2214 812 2278 estad
837 2215 1003 2296 periculum
1027 2219 1204 2296 animarum,
1229 2215 1326 2280 lnno-

182 2317 358 2383 cenduslll.
381 2320 547 2382 secundum
569 2326 600 2382 et
621 2323 741 2380 tertium
752 2333 848 2401 genus
870 2314 1021 2381 affinitatis
1044 2319 1211 2402 abrogavit,
1236 2325 1326 2401 atque

181 2427 308 2505 primum
337 2439 434 2506 genus
456 2428 488 2484 in
519 2424 597 2486 linea
627 2421 789 2486 collaterali
819 2420 855 2482 ad
877 2425 1015 2502 quartum
1044 2421 1171 2506 gradum
1203 2423 1326 2506 redegit

181 2523 540 2590 incendiariae.
567 2521 707 2601 iiiiii.
753 2521 892 2605 Synodus
924 2525 1044 2587 tandem
1067 2525 1199 2590 l’rident.
1223 2529 1325 2606 impe-

183 2627 357 2703 dimentum,
382 2622 593 2710 quodpropter
614 2627 788 2690 affinitatem
813 2627 969 2708 excopula
992 2627 1093 2690 illicita
1113 2627 1322 2706 inducebatur,

184 2729 297 2795 adeos
328 2737 446 2794 tantum
472 2737 522 2814 qui
554 2737 585 2794 in
610 2735 706 2812 primo
737 2737 767 2792 ct
798 2729 931 2794 secundo
962 2731 1061 2814 gradu
1087 2733 1324 2816 conjunguntur,

181 2838 354 2917 restringit:
377 2839 409 2896 in
430 2833 621 2897 ulterioribus
643 2851 717 2898 vero
740 2833 883 2917 gradibus
913 2837 1030 2910 statuit,
1061 2833 1231 2918 hujusmodi
1254 2833 1325 2896 sssi-

182 2939 306 2998 nitatem
330 2941 552 3000 matrimonium
575 2943 679 3018 postea
701 2943 887 3001 contractum
910 2935 1181 3016 non-dirimere4).

211 3123 234 3190 ¹)
253 3121 349 3178 Concil.
366 3125 431 3177 Elib.
449 3141 505 3192 cap.
523 3125 564 3178 iii.
601 3124 644 3189 „Si
662 3126 718 3194 quis
737 3133 793 3193 post
810 3125 905 3178 obitum
931 3127 1015 3180 axoris
1034 3141 1109 3188 suae,
1137 3139 1249 3179 sororem
1268 3126 1322 3192 ejus

252 3209 390 3284 duxeriistet
408 3214 462 3280 ipsa
481 3213 555 3286 luerit
578 3211 675 3276 fidelis,
700 3213 899 3282 quinquennium
918 3199 1130 3278 excommunione
1152 3213 1249 3282 placuit
1275 3213 1322 3266 ab·

252 3297 351 3357 stineri,
380 3299 428 3348 nisi
452 3297 515 3350 sorte
534 3297 585 3350 dari
605 3309 693 3366 pacem
712 3297 826 3349 velocius
851 3300 988 3350 necessitas
1014 3303 1126 3368 coegerit
1143 3301 1322 3362 infirmitatis“‚

252 3381 329 3435 Gonc.
347 3381 468 3435 Neocaes.
503 3383 626 3449 „Mallem
651 3387 671 3436 si
690 3382 788 3435 duobus
807 3383 926 3436 iratribus
945 3389 1071 3453 nupserit,
1091 3386 1224 3456 abjiciatur
1242 3401 1322 3458 usque

251 3467 284 3519 ad
302 3473 433 3522 mortem“.
470 3468 532 3522 Gan.
551 3473 574 3522 2.

211 3555 233 3621 ¹)
251 3551 325 3616 Quod
343 3558 446 3622 copiose
464 3565 489 3607 et
511 3565 550 3607 sat
567 3557 634 3608 clare
647 3558 755 3624 exponit
772 3557 856 3626 glossa
881 3560 906 3610 in
925 3557 968 3610 lib.
986 3557 1030 3611 iv.
1048 3557 1147 3610 Decret.
1171 3557 1203 3611 ad
1222 3575 1278 3627 cap.
1297 3560 1321 3611 8.

186 3636 189 3654 ’
236 3638 283 3691 d'e
298 3643 525 3710 consanguinitate.
589 3631 595 3640 “

209 3726 233 3794 ⁸)
250 3725 279 3778 ln
298 3725 364 3779 linea
382 3735 451 3778 recta
470 3725 596 3778 affinitatis
614 3727 849 3798 neque[00ncilium
863 3727 1039 3794 lateranense,
1058 3719 1320 3800 neqne'lridentlnam

251 3811 344 3882 aliquid
375 3814 521 3879 innovavit5
547 3814 605 3867 hinc
623 3815 829 3884 impedimentum
853 3817 980 3868 uiduitatis
1007 3815 1101 3868 dirimit
1124 3819 1150 3868 in
1169 3817 1237 3871 linea
1255 3825 1319 3872 recia

250 3901 276 3952 in
294 3900 428 3954 inlinitum
1021 3890 1023 3893 ’

208 3983 232 4052 ⁴)
250 3985 317 4040 Sars.
336 3989 377 4042 24.
396 4005 452 4058 cap.
472 3985 496 4040 t.
515 3983 547 4040 da
564 3985 639 4041 reior.
658 3989 766 4040 matrim.
804 3985 877 4042 corii.
896 3985 988 4043 Garum
1006 3987 1082 4041 XXX.
