2758 4664
424 172 462 227 De
480 170 567 226 Carnis
586 171 817 224 matrimonialibus.
1126 149 1189 220 197

75 327 112 402 2)
136 327 171 391 ln
202 345 276 392 casu
301 335 496 411 impotentiae
525 329 703 393 universalis
732 326 761 392 S.
797 325 969 391 Pontificem
1004 325 1135 390 adeundi
1157 332 1189 390 in

136 431 237 512 aliqua
259 439 413 514 provincia
438 454 464 498 v.
488 453 517 517 g.
547 433 672 496 durante
703 431 925 512 perturbatione
948 431 1046 512 aliqua
1069 431 1188 511 politica

134 540 165 596 et
194 534 347 619 religiosa.
401 537 515 617 Excipe
551 541 668 614 tamen,
707 539 733 598 si
770 534 844 596 haec
871 537 1046 614 impotentia
1075 534 1188 596 directe

134 642 255 700 causata
285 645 367 702 esset
397 659 414 702 a
436 639 583 700 saeculari
605 643 753 718 potestate
775 641 806 698 in
828 634 908 698 hunc
931 635 1042 712 linem,
1075 641 1108 698 nt
1130 637 1186 700 hoc

137 741 228 804 modo
250 741 448 827 derogaretur
464 744 527 823 juri
549 739 635 804 Sedis
656 738 898 822 Apostolicae¹).

79 839 114 918 3)
136 843 172 906 lu
185 863 257 908 casu
272 846 352 909 dubii
369 845 574 926 impedimenti
594 842 761 906 dirimentis
779 843 867 924 juxta
880 843 1001 924 plures;
1024 849 1054 905 at
1070 847 1095 906 si
1109 862 1187 927 aga-

135 954 183 1010 tur
205 948 243 1010 de
274 947 379 1029 dubio,
410 967 466 1012 seu
497 947 535 1010 de
565 945 770 1028 probabilitate
798 945 892 1026 juris,
925 945 1039 1008 inutilis
1061 946 1188 1008 uidetur

136 1051 337 1133 dispensatio,
369 1070 436 1114 cum
458 1057 491 1114 in
513 1051 570 1114 hoc
593 1067 664 1112 casu
685 1048 819 1111 Ecclesia
843 1055 1002 1112 censeatur
1023 1048 1072 1127 id,
1106 1049 1188 1130 quod

131 1153 321 1218 desideratur
342 1153 524 1218 advolarem
548 1149 764 1226 Sacramenti²)
788 1151 943 1232 supplere3
966 1157 998 1214 in
1020 1150 1110 1214 dubio
1128 1171 1187 1215 au-

134 1262 195 1316 tem
220 1256 310 1336 facti,
335 1255 359 1319 si
384 1261 488 1338 postea
510 1255 757 1337 impedimentum
780 1261 895 1316 certum
918 1255 984 1334 fiat,
1021 1275 1098 1320 nova
1131 1275 1185 1318 re-

133 1364 265 1442 quiritur
290 1360 472 1440 dispensatio
498 1361 584 1442 juxta
615 1352 762 1438 pluresi).
792 1392 836 1402 -
861 1357 947 1420 Ratio
975 1357 1065 1441 hujus
1093 1377 1185 1441 prae-

133 1467 271 1544 sumptae
301 1464 437 1526 licentiae
467 1467 499 1524 in
521 1465 637 1523 cunetis
664 1459 711 1522 bis
741 1459 858 1522 casibus
887 1479 941 1541 per
963 1480 997 1524 se
1019 1468 1120 1544 patet3
1147 1463 1184 1526 ad

135 1566 341 1648 praecavenda
363 1570 444 1628 enim
467 1568 571 1650 gravia
594 1563 680 1640 rnale,
705 1566 731 1626 si
754 1563 826 1625 alias
848 1581 909 1627 nou
927 1570 1064 1646 suppetat
1078 1565 1184 1628 modus

131 1671 193 1732 illis
222 1669 417 1747 occurrendi,
447 1663 698 1750 praesumendum
734 1672 798 1745 est,
834 1685 984 1730 summum
1011 1667 1184 1732 Pontificem

131 1773 275 1856 delegare
297 1772 446 1853 Episcopo
470 1775 648 1852 potestatem
672 1768 875 1850 dispensandi,
900 1789 989 1852 quam
1012 1774 1105 1851 certe,
1129 1790 1184 1834 re-

133 1881 273 1958 quisitus,
295 1893 357 1939 non
380 1881 460 1939 esset
482 1878 511 1934 ei
533 1872 736 1954 denegaturus
745 1869 785 1952 4).

131 1977 181 2042 lll.
206 1978 263 2051 Oui
286 1979 373 2042 babet
396 1983 573 2060 potestatem
597 1975 785 2058 delegatam,
814 1995 875 2040 non
899 1982 997 2057 potest
1019 1996 1086 2042 earn
1108 1979 1184 2042 sub-

41 2083 189 2167 delegare
212 2082 310 2162 alteri,
334 2101 401 2145 oum
425 2081 544 2142 diversa
567 2084 606 2142 sit
628 2085 761 2158 potestas
784 2080 886 2142 utendi
906 2081 1128 2164 jurisdictione,
1153 2089 1184 2146 et

41 2206 111 2249 eam
143 2186 313 2270 delegandi.
358 2185 526 2267 Excipitur:
559 2181 591 2256 1)
621 2188 680 2247 nisi
709 2183 767 2244 ltoc
794 2185 896 2264 ipsum
929 2202 1106 2248 concessum
1137 2190 1184 2250 sit.

40 2290 78 2366 2)
100 2283 169 2351 'Nisi
192 2293 231 2351 sit
254 2290 410 2373 delegatus
433 2287 469 2352 ad
493 2292 720 2350 universitatem
734 2305 902 2350 causarum.
945 2287 1069 2350 Duobus
1083 2295 1183 2352 autem
1246 2299 1247 2303 ’

43 2392 145 2455 modis
168 2391 366 2456 demandatur
394 2392 483 2454 alicui
509 2390 680 2472 J'urisdictio
703 2387 741 2452 ad
763 2394 989 2452 universitatem
1012 2409 1182 2470 causarum,

41 2501 75 2557 ut
99 2513 168 2558 eam
192 2499 277 2574 quasi
299 2513 339 2556 ex
361 2493 461 2556 officio
485 2510 641 2571 exercere,
665 2499 695 2552 et
716 2492 868 2556 interdum
883 2492 968 2554 alteri
984 2493 1183 2575 subdelegare

41 2603 140 2679 possit
172 2593 204 2674 1)
234 2601 259 2660 sl
291 2597 379 2661 alieni
403 2596 560 2680 delegetur
579 2595 769 2680 jurisdictio,
799 2603 832 2658 ut
864 2601 903 2658 sit
931 2601 960 2659 in
990 2595 1182 2681 privilegium

38 2708 228 2783 perpetuum
249 2703 366 2766 ratione
388 2699 544 2784 dignitatis
567 2704 618 2762 aut
639 2697 730 2764 oflicii
753 2704 815 2776 sui;
838 2705 908 2764 tunc
931 2704 1011 2762 enim
1034 2699 1101 2764 talis
1125 2699 1192 2782 po-¹

66 2937 90 3003 ¹)
109 2937 210 3005 linopp.
228 2953 254 3005 p.
273 2937 331 2989 440.

64 3023 88 3088 ²)
108 3021 189 3088 (lurp,
207 3039 232 3074 n.
252 3021 326 3074 1458.

66 3108 90 3173 ⁸)
111 3107 234 3176 Sancbez.
252 3107 347 3160 Gerrai.
364 3107 408 3159 lib.
426 3107 479 3159 Vll.
499 3125 520 3161 c.
539 3111 564 3162 5.
581 3126 606 3160 n.
625 3107 649 3160 b.
668 3107 820 3178 schmalugr.

63 3195 87 3260 ⁴)
106 3193 238 3246 benedict.
256 3193 320 3245 xiv.
337 3193 355 3245 l.
372 3209 394 3244 o.
412 3193 540 3247 Reiffenst.
559 3196 668 3264 append.
688 3201 711 3262 5.
731 3198 755 3247 2.
777 3212 802 3247 n.
823 3197 862 3248 ib.
900 3195 993 3258 „Ratio
1012 3204 1061 3260 ert,
1078 3199 1137 3266 quia
1157 3195 1183 3248 id

113 3282 243 3352 requirere
260 3281 360 3332 videtur
378 3279 503 3348 pastorale
520 3282 630 3333 ollicium
638 3281 765 3350 Episcopi,
786 3289 813 3332 ut
831 3283 909 3348 possit
927 3281 1058 3334 animabus
1076 3297 1183 3334 conere-

116 3365 175 3416 ditis
194 3375 299 3435 urgente
317 3367 389 3435 gravi
408 3371 557 3418 necessitate
575 3369 599 3417 iu
618 3367 762 3433 hujusmodi
781 3367 879 3419 casibus
898 3368 1101 3419 extraordinariis
1119 3367 1183 3420 snb·

112 3455 212 3514 venire,
231 3469 289 3504 curn
308 3451 369 3503 alias
388 3467 450 3505 ores
468 3453 598 3518 subjectae
617 3463 703 3504 essent
721 3455 854 3506 destitutae
872 3456 1022 3505 necessariis
1042 3455 1139 3517 mediis,
1158 3463 1183 3506 et

114 3541 244 3605 expositae
269 3545 401 3589 manerent
422 3543 574 3607 gravissimis
601 3541 719 3608 periculis
744 3541 936 3602 scandalorum,
956 3549 1116 3608 peccatorum
1135 3549 1183 3595 etc.

117 3621 192 3685 Quod
217 3625 289 3675 suavi
316 3623 493 3692 gubernationi
512 3627 643 3678 Ecclesiae
666 3637 805 3696 repugnat,
834 3637 921 3695 utpote
947 3643 1012 3696 quae
1035 3635 1184 3695 potestatem

117 3725 191 3762 suam
209 3726 260 3762 non
278 3711 304 3760 in
324 3709 529 3776 destructionem,
549 3713 593 3763 sed
613 3716 638 3764 in
658 3715 855 3766 aedificationem
875 3715 1015 3764 animarum
1034 3717 1106 3783 gerit.
1124 3752 1132 3766 .
1150 3753 1157 3766 .
1176 3751 1183 3768 .

113 3795 168 3848 Etsi
193 3811 244 3848 non
269 3805 403 3864 expresse,
435 3807 520 3852 mmen
548 3804 625 3852 tacite
656 3815 775 3853 concessa
803 3807 921 3852 censeam
946 3799 1010 3852 diota
1035 3809 1146 3870 potestas
1169 3819 1183 3854 a

116 3881 221 3934 Sammo
239 3881 368 3951 l’ontilice,
387 3883 434 3937 hoc
453 3887 509 3954 ipse
527 3887 595 3958 qnod
612 3889 685 3951 sciat,
702 3887 841 3955 Episcopos
861 3887 903 3939 illa
921 3891 1016 3956 passim
1034 3891 1080 3954 uti,
1099 3897 1124 3942 et
1132 3905 1183 3942 uon

115 3967 300 4024 oontmdioat.“
