2758 4664
42 318 62 348 Ι
180 258 245 330 208
306 247 312 258 l
337 297 340 303 ·
539 275 578 332 Dc
596 277 685 336 Gensis
704 281 935 336 matrimonialibus.

267 441 342 501 ratio
365 443 421 518 est,
446 440 514 520 quia
537 439 624 502 aliter
637 441 686 503 vel
707 445 829 522 innupta
849 457 971 502 manere
992 445 1163 524 cogeretur,
1188 442 1240 502 aut
1261 457 1320 501 nu-

266 540 340 604 bere
369 541 518 623 inaequali
550 561 618 605 cum
650 545 821 608 discrimine
851 544 974 606 infausti
1006 543 1155 628 conjugii,
1184 547 1318 624 'quorum
1374 577 1375 584 κ

177 641 179 644 ’
266 649 405 706 neutrum
428 647 547 726 publice
570 645 700 728 expedit.

207 745 242 824 4)
265 749 296 812 Sl
314 749 425 830 plores
447 769 563 812 consue
585 769 623 812 ex
646 751 824 828 levioribus,
857 768 935 831 quae
957 749 1130 832 singillatim
1152 753 1185 813 in
1213 768 1321 814 remo-
1374 793 1375 826 ,

265 851 392 914 tiorihus
415 855 558 937 gradibus
581 853 747 933 sulliciunt,
771 858 965 928 concurrant3
989 855 1064 916 tales
1087 860 1172 915 suut:

265 957 296 1033 a)
327 955 483 1036 Aapustto
505 959 574 1036 loci,
598 961 624 1018 si
646 955 761 1019 scilicet
782 957 877 1026 locus,
901 960 932 1017 in
955 973 1015 1037 quo
1036 953 1170 1020 habitant
1192 965 1320 1022 coutra-

246 1057 248 1062 ’
328 1056 402 1121 here
423 1059 571 1138 volentes,
594 1059 681 1121 valde
703 1065 849 1144 angustus
872 1063 926 1135 sit,
949 1065 999 1122 aut
1022 1059 1320 1144 feminae'cognatio
1374 1123 1375 1178 p

328 1165 359 1225 in
390 1179 427 1224 eo
454 1161 523 1224 loco
546 1161 633 1224 valde
655 1167 694 1224 stt
724 1169 901 1246 propagata,
929 1169 971 1227 ita
995 1171 1027 1226 ut
1050 1183 1176 1227 necesse
1199 1169 1254 1243 sit,
1287 1171 1321 1226 ut
1374 1237 1375 1248 χ

327 1266 376 1336 rel
399 1263 554 1328 contrahat
575 1283 642 1326 cum
659 1283 789 1347 persona
811 1267 868 1328 sibi
881 1267 1043 1348 inaequali,
1068 1273 1119 1330 aut
1141 1269 1177 1330 ad
1198 1285 1320 1349 aequa·
1374 1251 1375 1346 ]

326 1367 385 1430 lem
407 1367 572 1430 habendam
596 1387 630 1431 se
652 1371 711 1431 alio
735 1367 903 1449 transierat,
928 1369 976 1432 vel
999 1374 1024 1431 si
1046 1369 1103 1433 hoe
1125 1372 1220 1448 nolit,
1243 1389 1320 1452 per-

326 1477 417 1552 petuo
446 1475 570 1552 innupta
599 1477 730 1550 maneat,
762 1477 818 1534 nisi
849 1471 1038 1554 dispensetur
1067 1473 1103 1535 ad
1127 1473 1320 1536 contrahen-

326 1574 395 1636 dum
427 1577 649 1638 matrimonium
682 1593 749 1638 cum
780 1585 909 1656 persona
940 1577 1116 1658 conjuncta,
1148 1577 1199 1638 vel
1229 1577 1321 1640 aliter

324 1677 477 1758 impedita.

261 1777 298 1858 h)
327 1781 483 1860 Anpastr'a
505 1781 652 1860 locorum,
676 1783 796 1866 quando
819 1783 934 1845 scilicet
956 1799 1066 1863 sponsa
1089 1781 1277 1846 domicilium
1300 1804 1320 1847 a

324 1885 393 1947 loco
424 1889 552 1969 originis
574 1885 726 1949 diversum
748 1885 853 1965 habet,
886 1890 918 1948 in
940 1893 1048 1949 neutro
1071 1894 1170 1950 autem
1195 1887 1236 1948 oh
1258 1905 1320 1950 an-

290 1993 292 1996 ’
325 1991 453 2072 gustiam
482 2005 587 2051 eorum
609 2007 768 2070 personam
798 1989 855 2052 sthi
878 1989 1033 2070 aequalem
1056 1995 1123 2053 sine
1152 1991 1318 2072 dispeusa-
1374 2003 1375 2072 ξ

322 2095 407 2152 tione
428 2109 496 2154 cum
518 2109 647 2173 persona
670 2093 884 2174 impedimento
906 2097 1023 2156 irretita
1041 2097 1179 2155 invenire
1203 2099 1317 2175 potest.

259 2197 290 2270 c)
323 2190 483 2257 Ectiactio
505 2196 585 2271 titis,
614 2199 639 2257 sl
662 2201 817 2276 speretur,
847 2193 996 2278 ejusmodi
1020 2197 1160 2280 conjugio
1184 2215 1318 2279 compo-

321 2299 449 2362 nendam
468 2299 674 2362 attollendam
692 2315 760 2361 esse
783 2299 877 2378 litem,
901 2318 977 2380 quae
995 2303 1076 2361 inter
1091 2299 1165 2363 duas
1183 2301 1317 2364 familias

320 2407 453 2486 agitatur
468 2419 558 2483 super
580 2399 725 2464 honorum
746 2407 950 2482 successione,
974 2409 1004 2464 et
1027 2403 1094 2466 aliis
1118 2409 1217 2488 magni
1243 2424 1318 2468 mo-

324 2509 416 2567 menti
439 2505 530 2568 rebus
553 2511 584 2567 et
601 2503 729 2586 juribus.

256 2607 289 2684 d)
322 2608 362 2670 Si
372 2611 498 2671 oratrix
516 2608 622 2670 liberis
638 2611 680 2670 sit
692 2615 836 2688 proculo,
855 2607 925 2671 dum
939 2611 1069 2688 viduam,
1094 2611 1198 2674 saltem
1218 2616 1317 2692 quin-

318 2731 378 2794 que
390 2711 493 2774 liberis
507 2717 538 2774 iu
556 2715 647 2792 priori
661 2716 851 2774 matrimonio
865 2719 1012 2795 susceptis
1029 2720 1194 2798 gravatam,
1210 2720 1318 2778 orator

320 2815 441 2892 ducere,
455 2815 557 2898 proles
569 2813 660 2894 alere,
670 2833 704 2876 ac
720 2833 804 2877 more
819 2815 964 2878 catholieo
977 2815 1105 2880 educare
1120 2823 1242 2898 paratus
1259 2824 1316 2882 est.

255 2922 290 2996 e)
317 2915 490 2982 Periculum
510 2920 709 2995 seductionis,
731 2922 762 2980 in
778 2919 863 2994 lociS,
885 2919 935 2981 ubi
949 2917 1091 2982 Catholici
1107 2925 1214 2983 vivunt
1228 2926 1313 2983 inter

318 3017 487 3086 haereticos
511 3027 541 3084 et
562 3021 711 3098 infideles,
735 3021 823 3101 unde,
851 3019 908 3085 nisl
932 3041 998 3086 cum
1023 3025 1083 3086 illis
1106 3023 1309 3106 dispensetur,

320 3133 502 3209 cogerentur
525 3126 574 3189 vel
601 3129 746 3206 innuptae
775 3143 914 3206 manere,
944 3127 993 3189 vel
1014 3131 1046 3189 in
1075 3128 1211 3208 periculo
1234 3147 1313 3190 ver·

318 3235 465 3308 sareutur,
490 3247 557 3292 cum
580 3229 740 3292 haereticis
763 3233 951 3292 matrimonio
975 3227 1179 3296 contrahendi.
1191 3229 1219 3311 ¹)

252 3327 299 3394 Ex
320 3329 366 3396 his
387 3332 516 3418 siugulis
534 3337 598 3395 tum
620 3333 762 3396 informa
785 3338 947 3413 communi,
970 3339 1034 3396 tum
1055 3337 1088 3396 in
1110 3335 1208 3398 lorma
1230 3353 1314 3417 pau-

166 3439 270 3514 perum
294 3433 482 3516 dispensatur
503 3441 534 3498 in
557 3437 769 3501 remotioribus
792 3437 951 3522 gradibus,
981 3437 1035 3502 sed
1057 3441 1082 3501 si
1105 3439 1207 3520 plures
1230 3457 1314 3502 con-

166 3542 298 3617 currant,
321 3541 392 3600 tnuo
409 3543 441 3603 in
453 3541 550 3605 iorma
572 3533 742 3620 communi,
760 3541 836 3618 (uon
856 3547 956 3604 autem
972 3545 1003 3603 in
1018 3541 1113 3605 forma
1127 3548 1312 3624 pauperum)

166 3642 256 3703 ettam
279 3638 468 3722 dispensatur
488 3647 520 3706 iu
543 3643 676 3707 secundo
698 3643 794 3730 gradu
817 3650 848 3706 et
870 3645 1025 3708 similibus.

251 3743 286 3809 V.
309 3743 346 3806 ln
367 3744 472 3822 formo
489 3746 646 3822 nobilium,
668 3751 700 3810 in
722 3767 780 3830 qua
803 3752 903 3828 etiam,
928 3755 961 3812 ut
982 3753 1014 3810 in
1037 3748 1132 3814 iorum
1155 3755 1312 3814 communi

164 3846 234 3910 taxa
257 3847 470 3911 est'solveuda
493 3853 524 3909 et
545 3855 723 3931 compositio
746 3851 843 3934 major
861 3853 911 3916 vel
933 3857 1033 3915 minor
1054 3871 1109 3934 pro
1131 3853 1313 3918 dramate

163 3993 369 4014 ndu———u-

198 4067 222 4137 1)
241 4066 345 4124 Garrod.
363 4069 406 4124 lib.
424 4073 448 4125 7.
467 4087 523 4142 cap.
541 4071 566 4126 2.
584 4088 610 4125 n.
629 4071 670 4126 ee.
