2746 4646
175 155 239 229 tan
416 177 454 230 ca
469 175 658 246 aspernans
677 178 863 230 nmmum
886 175 1067 232 mannhun

260 336 294 401 ll.
318 336 475 413 licentur,
499 335 579 416 quod
595 339 635 397 sit
652 334 797 414 quaedam
811 340 896 414 quasi
919 334 1047 399 affinitas
1063 355 1102 398 err
1116 337 1312 401 inchoatione

173 443 351 504 matrimonii
388 455 443 519 per
475 439 714 518 conjunctionem
750 453 809 500 non
841 451 1021 519 corporum,
1054 439 1108 502 sed
1140 445 1311 505 animorum

173 549 238 607 oria
260 547 339 605 inter
360 559 488 622 sponsos
511 545 541 602 ct
563 542 705 624 conjugio
727 557 795 602 cum
818 545 950 620 ipsarum
973 547 1213 626 consanguineis
1236 559 1313 606 oon-

172 645 315 709 trnbando
338 645 468 709 obstans.
515 643 717 707 Introductum
741 649 787 706 ost
816 643 872 706 boc
893 647 1142 724 impedimentum
1166 663 1232 710 non
1255 665 1312 708 na-

171 750 268 825 turali,
300 755 352 812 aui
374 747 495 826 divino,
525 747 579 810 sed
608 747 812 808 ecclesiastico
841 747 939 808 solum
966 746 1091 829 Jure¹),
1123 754 1155 811 at
1187 749 1310 830 quidem

171 853 343 933 amplatum
367 869 406 913 ex
423 853 493 933 jure
515 851 596 911 civili
615 848 796 926 Romanum.
840 849 918 912 llinc
940 850 1075 914 infideles
1098 859 1239 933 tempore
1262 859 1312 916 in-

171 955 324 1018 lldelltatis
347 953 691 1040 matrimoniumtvalide
713 958 819 1016 incunt
845 971 914 1014 cum
937 959 1171 1039 consangnineis
1202 961 1314 1036 prioris

171 1061 310 1139 sponsae,
340 1059 545 1140 niellegibus
572 1072 676 1118 norum
714 1055 771 1117 boc
801 1061 1032 1120 matrimonium
1052 1063 1197 1122 irritetur.
1244 1060 1313 1123 lton

171 1167 244 1225 satin
274 1165 406 1238 comtat,
440 1160 561 1240 quando
592 1157 650 1222 hoo
679 1159 924 1238 impedimentum
954 1162 1130 1238 invaluerii3
1163 1163 1220 1224 sed
1243 1181 1313 1225 oum

169 1264 244 1326 illud
263 1265 324 1345 jam
348 1270 470 1324 occurat
491 1266 523 1322 in
545 1261 673 1323 decretis
695 1262 966 1338 Pseudo-Isidorii,
995 1265 1116 1328 sacculo
1145 1284 1228 1328 nono
1247 1267 1312 1347 jam

170 1367 325 1428 inductum
348 1382 416 1428 esse
443 1370 558 1426 certum
587 1371 651 1439 est,
685 1372 775 1444 atquo
806 1365 962 1445 usquead
985 1367 1150 1430 Concilium
1174 1367 1223 1430 lV.
1250 1369 1314 1431 La-

171 1476 283 1545 terano
306 1473 384 1531 sieut
405 1466 652 1548 impedimentum
674 1466 842 1545 affinitatis,
872 1469 1027 1548 usquead
1049 1476 1210 1551 septimum
1234 1491 1313 1556 gra·
1361 1515 1362 1524 1

172 1573 242 1635 dum
272 1578 430 1634 extensum
463 1571 527 1632 luit.
578 1568 734 1630 Rationem
764 1568 853 1652 hujus
882 1571 1088 1650 impedimenti
1119 1575 1182 1654 Jam
1214 1580 1313 1656 ipsius

171 1691 281 1738 nomen
304 1674 425 1750 indicat,
449 1671 590 1732 videlicet
612 1677 682 1752 quia
704 1671 843 1734 honestas
866 1679 971 1757 exigit,
996 1681 1028 1736 ut
1049 1679 1127 1738 inter
1150 1694 1310 1758 personas,

170 1782 251 1844 tuter
274 1794 347 1859 quas
378 1773 548 1857 hujusmodi
577 1779 782 1856 propinquitas
804 1779 972 1856 intercedit,
999 1783 1223 1842 matrimonium
1249 1799 1312 1844 non

172 1880 372 1943 contrabatur.
405 1913 449 1926 -
480 1878 598 1955 Oritur,
629 1883 661 1939 ut
690 1880 751 1959 jam
783 1884 952 1958 innuimuS,
984 1899 1024 1941 ex
1058 1880 1167 1960 duplici
1199 1887 1310 1963 capite,

170 1981 313 2044 videlieet
341 1981 388 2043 ex'
410 1979 597 2061 sponsalibus
627 1979 665 2042 de
694 1981 795 2043 lutura
818 1989 849 2041 ct
877 1999 915 2044 ex
938 1983 1125 2063 sponsalibus
1155 1985 1193 2046 de
1217 2003 1312 2067 prae-

172 2071 261 2165 senti,
294 2103 349 2148 seu
381 2087 570 2147 matrimonio
604 2071 699 2160 rato;'
717 2083 796 2165 quod
826 2089 940 2146 ortatur
971 2103 1011 2146 ex
1047 2087 1238 2166 sponsalibus
1274 2089 1312 2150 de

170 2190 282 2266 tuturo,
306 2193 386 2269 patet
407 2169 448 2248 ear
469 2187 595 2250 testibus
615 2191 691 2268 juris
713 2205 803 2268 supra
826 2191 938 2262 citatim
963 2188 1042 2268 quod
1065 2207 1138 2253 vero
1155 2195 1247 2254 etiam
1272 2209 1313 2254 ex

171 2295 360 2378 matrimonio
389 2297 471 2370 rato,
504 2309 565 2354 non
587 2289 712 2354 babetur
743 2293 840 2353 clarus
869 2293 976 2370 aliquis
1005 2296 1036 2352 in
1061 2293 1132 2373 jure
1155 2293 1311 2357 Canonico

171 2377 289 2470 textus;
323 2393 377 2456 sed
406 2411 474 2457 cum
497 2394 660 2472 vinculum,
693 2391 775 2474 quod
798 2399 919 2478 exurgit
950 2413 990 2454 ex
1014 2399 1202 2458 matrimonio
1232 2405 1310 2477 rato,

170 2497 261 2582 lbrtge
284 2495 389 2560 lortius
412 2503 458 2558 est
480 2515 569 2578 quam
600 2497 679 2578 quod
704 2502 835 2560 nascitur
863 2497 1127 2576 exspatiantibus,
1155 2501 1312 2584 colligitur

171 2610 211 2663 ex
232 2595 411 2685 argumento
434 2599 472 2662 da
496 2599 621 2678 fortiori,
634 2608 636 2616 ’
650 2605 742 2663 ctiam
765 2614 805 2661 ex
827 2605 1017 2664 matrimonio
1040 2607 1104 2664 rato
1126 2599 1183 2664 boc
1206 2605 1309 2684 impo-

93 2761 96 2767 .
171 2704 335 2766 dlmentum
358 2699 504 2776 inducl³).

181 2820 192 2830 ·
256 2805 313 2870 itt„
346 2804 425 2868 Ante
457 2803 623 2868 Concilium
652 2805 857 2868 tridentinum
896 2803 954 2869 hoc
987 2808 1237 2888 impedimentum
1271 2827 1310 2871 ex

99 2893 109 2912 ’
170 2914 298 2988 utroque
320 2911 419 2989 capite
435 2907 591 2971 dirimebat
607 2913 828 2972 matrimonium
852 2925 947 2990 usque
969 2910 1007 2972 ad
1023 2917 1162 2992 quartum
1179 2913 1308 2997 gradum

169 3011 336 3085 inclusive3
360 3013 430 3093 jure
452 3015 552 3074 tamen
575 3011 706 3074 l'rident.
736 3027 810 3074 sess.
835 3009 887 3074 24.
911 3026 936 3075 o.
960 3011 989 3076 3.
1013 3011 1051 3074 de
1073 3013 1196 3076 reform.
1223 3021 1308 3080 matr.

170 3101 415 3196 tllmluguendum
448 3121 495 3177 est
524 3119 605 3176 inter
635 3115 784 3196 sponsalia
814 3113 851 3176 de
889 3111 989 3198 futuro
1024 3119 1054 3176 et
1087 3118 1240 3198 sponsalia
1272 3119 1309 3180 de

170 3219 333 3299 praesenti,
355 3235 412 3280 sea
432 3223 654 3282 matrimonium
678 3217 788 3294 ratun'r3
811 3229 880 3280 nam
902 3217 1148 3299 impedimentum
1172 3221 1309 3300 publicae

170 3319 336 3382 mnestaiis
369 3335 409 3381 ca
437 3321 626 3404 sponsalibus
663 3321 701 3383 de
731 3322 835 3384 futuro
866 3329 964 3384 ortum
1000 3341 1039 3384 ex
1069 3327 1263 3388 restrictione
1293 3343 1309 3388 a

171 3424 261 3488 Gonc.
286 3422 365 3485 Trid.
396 3423 474 3487 lacta
503 3429 724 3488 matrimonium
758 3443 820 3487 non
853 3425 965 3488 dirimit
994 3431 1074 3488 inter
1101 3445 1247 3507 sponsum
1280 3433 1311 3489 et

170 3531 414 3611 consanguineos
444 3543 574 3606 sponsae
604 3533 635 3588 et
667 3531 816 3607 vicissim,
849 3532 906 3590 nisi
936 3529 974 3592 ad
1007 3534 1136 3616 primum
1167 3529 1308 3615 gradum.

197 3709 220 3778 ¹)
239 3710 377 3780 stannig.
396 3696 806 3764 m.1t.aal.n.ee.-·cnn.
826 3711 867 3776 11,
887 3711 928 3776 11,
947 3709 988 3776 te,
1007 3711 1048 3778 er,
1066 3729 1135 3766 anua.
1149 3713 1192 3767 ar.
1212 3723 1308 3785 quina

132 3861 135 3866 Ι
240 3798 263 3848 2.
284 3813 305 3848 c.
325 3798 349 3849 9.
368 3813 389 3848 c.
408 3799 432 3849 l.
450 3814 472 3848 c.
491 3798 515 3850 8.
534 3795 576 3848 lib.
594 3797 636 3848 iv.
655 3797 715 3849 Dec.
733 3799 769 3848 tlt.
790 3799 812 3848 l.

196 3879 265 3949 ’lla
282 3883 324 3934 92.
336 3878 398 3952 inp.
417 3881 451 3934 de
466 3883 516 3934 ritu
534 3891 606 3950 nupt.
624 3883 666 3937 23.
684 3886 709 3935 2r
728 3883 800 3938 cuni.
819 3880 876 3935 Ges.
894 3879 1005 3938 xxxii.
1023 3878 1133 3939 XXXIV.

197 3967 221 4038 ³)
239 3966 392 4039 Scbmalngr.
409 3967 426 4022 l.
445 3985 468 4024 c.
486 3985 512 4023 a.
531 3970 573 4023 98.
592 3971 634 4025 99.
652 3979 678 4023 et
694 3970 737 4023 alil
755 3973 928 4024 communiter.
