2758 4664
301 236 338 293 De
355 239 542 309 impedimentis
560 237 745 290 matrimonium
764 235 944 290 dirimentibus.
1131 221 1190 290 161

55 403 192 478 oportet,
217 403 250 460 ui
273 397 351 458 ullus
373 416 408 460 ca
432 404 533 460 utatur
553 399 585 457 ln
609 397 814 472 matrimonio,
848 411 915 456 oum
939 413 997 476 quo
1020 401 1102 477 prius
1123 397 1194 478 pol-

54 501 133 562 lutos
156 505 204 564 est
232 504 263 562 in
291 500 470 563 adulteri0“.
514 499 559 561 Ex
589 516 649 579 quo
672 495 838 580 colligitur,
869 499 968 582 legem
997 500 1073 580 juris
1096 501 1193 565 civilis

54 605 159 666 saltem
189 603 245 665 sub
266 601 327 664 fine
351 607 421 666 noni
452 602 563 668 sacculi
587 601 680 664 luisse
709 605 740 662 in
762 600 895 664 Ecclesia
924 601 1137 682 confirmatam,
1163 611 1194 666 et

55 707 176 788 quidem
198 710 258 778 iia,
291 711 324 767 ut
346 706 428 768 nullo
448 707 518 788 jure
539 709 618 767 inter
640 701 809 766 adulterum
832 710 863 766 et
885 705 1071 796 adulteram,
1095 708 1194 772 soluto

55 812 198 893 conjugio
222 813 332 889 priore,
355 812 576 872 matrimonium
596 810 782 870 consisteret.
829 807 955 871 Saeculo
978 810 1095 872 tandem
1114 811 1195 876 duo-

55 913 173 974 decimo
195 911 355 974 Gratianus
376 915 407 972 in
431 916 490 973 tota
513 913 628 991 quaest.
659 909 683 970 1.
707 927 786 972 caus.
804 908 872 987 31.,
897 915 988 973 variis
1010 917 1117 992 priscis
1139 932 1194 976 ca-

55 1015 183 1079 renibus
206 1014 362 1095 descriptis
391 1018 508 1089 statuit,
536 1018 599 1074 tum
632 1011 751 1074 demum
782 1015 898 1074 irritum
930 1031 998 1076 esse
1021 1017 1193 1100 conjugium
1242 1057 1247 1064 ·

54 1120 270 1195 adulterorum,
295 1135 385 1197 quum
409 1121 474 1179 viro
493 1120 615 1177 vivente
637 1118 760 1194 sponsio
783 1119 855 1178 inita
874 1115 981 1179 fuisset
1002 1121 1082 1182 inter
1103 1120 1194 1183 adul-

56 1230 138 1286 teros
161 1221 199 1284 de
221 1221 330 1285 futuris
352 1223 464 1300 nuptiis
483 1219 678 1301 jurejurando
693 1217 819 1296 firmata,
843 1219 977 1300 pluribus
1000 1227 1100 1283 tamen
1124 1241 1195 1284 om-

55 1332 130 1390 nino
160 1333 293 1387 veterem
331 1323 516 1403 disciplinam
552 1323 723 1385 terrentibus
755 1339 850 1403 usque
887 1323 924 1385 ad
957 1329 1072 1404 tempus
1097 1325 1196 1389 inno-

54 1433 146 1494 centii
171 1427 233 1504 lll.,
256 1431 323 1508 qoi,·
340 1429 577 1505 sapientissimus
602 1427 767 1510 legislator,
791 1428 822 1486 in
841 1424 1041 1490 decretalibus
1063 1447 1089 1489 c.
1112 1427 1140 1492 6.
1166 1433 1197 1492 ct

54 1551 118 1614 cap.
145 1533 174 1594 7.
195 1530 237 1592 lib
260 1529 307 1592 lv.
332 1533 374 1592 tii.
400 1530 427 1590 7.
451 1528 561 1592 limites
583 1529 671 1610 hujus
700 1525 904 1607 impedimenti
928 1533 971 1592 sic
994 1529 1140 1610 delinivit,
1163 1537 1197 1594 ut

54 1633 146 1697 habet
163 1634 215 1715 jus
237 1631 473 1694 ecclesiasticum
496 1632 652 1713 usquead
675 1637 865 1712 praesentem
888 1631 967 1694 diem
977 1631 1015 1709 ¹).
1038 1669 1081 1682 -
1110 1635 1205 1700 Ratio.

54 1738 146 1820 hujus
168 1734 375 1816 impedimenti
403 1735 565 1796 inducendi
592 1736 759 1817 justissima
782 1734 854 1814 luit,
886 1741 917 1797 ul
946 1736 1015 1798 lidei
1039 1742 1197 1802 matrimo-

55 1845 177 1904 niorum
200 1845 231 1899 ct
253 1840 415 1922 conjugum
437 1839 633 1902 incolumitati
657 1838 875 1917 consuleretur,
899 1843 1034 1920 praecisa
1052 1841 1196 1906 adulteris

54 1947 141 2006 omni
164 1959 218 2024 spe
241 1942 391 2026 conjugii,
417 1941 497 2022 quod
519 1943 697 2022 promissum
721 1946 776 2018 esi,
801 1941 972 2020 obtinendi,
1004 1943 1053 2005 vel
1075 1947 1101 2006 sl
1123 1943 1198 2007 illud

55 2046 94 2107 de
120 2045 200 2108 lacto
223 2049 407 2106 contractum
427 2044 489 2124 jam
513 2051 568 2122 est,
593 2040 807 2120 stabiliendi2).

145 2146 182 2211 ll.
225 2146 271 2208 Ex
300 2147 370 2227 jure
398 2145 544 2210 hodierno
573 2147 819 2227 impedimentum
847 2151 981 2212 criminis
1014 2149 1199 2213 contrahitur

54 2255 85 2313 in
111 2256 242 2330 quatuor
261 2246 310 2311 hie
333 2249 465 2312 casibus:

86 2351 122 2430 1)
146 2351 272 2427 Quando
287 2352 412 2416 'adulier
442 2355 663 2416 matrimonium
695 2371 762 2414 cum
794 2354 929 2418 adultera
959 2353 997 2417 de
1027 2357 1105 2420 sacto
1133 2361 1198 2438 luit,

147 2457 297 2540 conjuge,
331 2473 420 2537 quem
443 2459 569 2537 uterque
591 2457 640 2518 rel
669 2458 744 2519 alter
766 2473 868 2519 eorum
892 2456 999 2539 habet,
1030 2459 1126 2523 adhuc
1148 2465 1200 2522 vl-

146 2556 282 2635 vente³).

84 2661 126 2738 2)
150 2659 275 2734 Quando
296 2665 376 2723 inter
397 2660 472 2724 duos
488 2661 666 2724 adulterium
684 2665 876 2726 commissum
898 2668 954 2740 esi,
978 2667 1200 2728 interveniente

146 2767 346 2846 promissione
375 2767 557 2828 matrimonii
587 2763 782 2827 contrahendi
812 2771 880 2846 post
907 2765 1020 2830 obitum
1050 2768 1202 2851 conjugis,

147 2885 238 2950 quem
261 2868 345 2946 alter,
369 2868 418 2929 vel
441 2873 568 2948 uterque
585 2871 738 2928 viventem
757 2864 891 2943 habet⁴)}

88 2971 126 3050 3)
150 2969 278 3046 Quando
301 2969 360 3034 duo
383 2975 571 3035 committunt
593 2969 782 3049 adulterium,
808 2977 837 3032 et
861 2989 898 3034 eo
912 2977 1094 3054 perpetrato,
1117 2978 1204 3054 ipso-

149 3092 216 3136 rum
238 3075 330 3153 alter,
354 3079 454 3138 animo
477 3078 658 3136 matrimonii
682 3091 758 3136 cum
772 3075 866 3140 aliero
889 3074 1029 3149 ineundi,
1060 3075 1109 3138 vel
1131 3093 1204 3157 pro·
1229 3067 1235 3095 ”

148 3181 246 3260 prium
276 3179 437 3263 conjugem
465 3177 514 3239 vel
542 3178 703 3261 conjugem
734 3181 780 3239 sul
813 3181 844 3240 in
874 3177 1021 3242 adulterio
1050 3181 1205 3260 complicis

148 3278 305 3359 occidiill.
358 3275 360 3280 ’

87 3497 111 3564 ¹)
129 3494 237 3550 Berardi
254 3493 296 3547 lib.
315 3496 339 3546 3.
358 3510 382 3561 p.
398 3494 454 3545 120.
473 3490 630 3560 Van-Espen
649 3492 681 3544 de
700 3501 772 3544 matr.
792 3507 849 3559 paro
861 3490 892 3544 11.
911 3501 971 3545 rect.
991 3493 1013 3544 1.
1032 3494 1067 3544 tit.
1088 3493 1128 3546 13.
1147 3510 1169 3546 c.
1181 3495 1206 3546 Β.

132 3583 234 3651 linopp.
252 3599 278 3650 p.
296 3581 354 3634 219.

87 3672 112 3737 ²)
131 3669 271 3736 Schmulng.
291 3669 316 3720 l.
342 3668 379 3718 tit.
399 3668 422 3717 7.
442 3681 466 3716 ιι.
488 3666 510 3716 i.
533 3664 558 3716 S.
576 3663 663 3716 Tironi.
688 3664 771 3731 suppl.
790 3665 830 3716 60.
850 3679 873 3716 a.
892 3665 914 3716 2.
950 3667 998 3726 „ln
1017 3677 1063 3727 eo,
1081 3680 1131 3733 quo
1150 3667 1209 3735 quis

131 3763 232 3822 peccat,
251 3752 326 3805 debet
343 3754 418 3804 etium
436 3751 549 3816 puniri‘.
586 3748 623 3801 Oi.
644 3749 703 3802 Gas.
721 3747 832 3801 lllllllll.
919 3771 927 3778 ·

86 3840 111 3908 ³)
129 3839 183 3892 tib.
201 3841 243 3893 ιν.
262 3840 360 3892 maer.
385 3841 421 3891 ιιι.
441 3840 465 3889 ι.
483 3853 505 3888 c.
524 3840 547 3890 c.

85 3926 113 3994 ⁴)
130 3923 195 3979 Gan.
213 3927 237 3979 1.
256 3941 323 3978 caus.
342 3926 382 3978 31.
401 3932 499 3994 quaest.
520 3923 542 3975 1.
560 3921 604 3974 lib.
623 3920 665 3973 lV.
684 3920 782 3972 Decret.
802 3921 837 3971 tia
856 3923 880 3972 7.
899 3937 920 3972 c.
940 3921 964 3972 6.
984 3923 1007 3972 7.
1019 3920 1105 3972 arsin.
1124 3921 1149 3974 h.
1167 3923 1210 3974 tit.

87 4012 114 4080 ⁵)
132 4010 197 4064 Gan.
214 4014 239 4064 5.
258 4027 328 4064 caua.
347 4011 390 4064 ill.
408 4015 505 4080 quaeat
526 4010 548 4060 1.
567 4007 609 4060 lib.
626 4007 668 4059 lv.
686 4009 722 4059 tit.
741 4009 765 4059 7.
783 4021 806 4066 c,
826 4007 848 4060 1.
867 4009 891 4059 6.

140 4107 176 4148 Do
188 4105 341 4148 matrimonio·
1006 4093 1045 4160 11
