2736 4660
517 197 596 258 cama
615 200 818 256 matrimoniales.
1152 183 1218 252 389

77 365 305 428 matrimonium
328 361 405 428 bona
428 359 486 424 tide
514 375 582 423 cum
605 357 750 424 Ludmilla
780 375 880 424 coram
909 357 1064 424 sacerdote
1093 365 1217 424 eontra-

79 473 182 546 ctum,
206 472 236 528 at
254 471 371 546 tempus
388 468 452 527 initi
470 467 666 542 matrimonii,
686 469 756 527 ante
773 462 912 526 videlicet
929 479 1023 524 annos
1039 458 1081 524 10
1100 463 1217 528 solem-

77 576 164 634 niter
184 573 354 652 repetierit,
386 571 428 629 uti
452 565 613 649 parochus,
642 565 751 645 aliique
774 570 867 628 testes
889 563 1057 646 deponunt,
1087 567 1215 648 quodsi

77 675 172 736 aliter
193 678 289 750 esset,
318 689 372 734 sua
400 675 497 734 anima
525 669 651 735 salntem
681 671 822 751 consequi
851 684 911 731 non
939 668 1078 744 deberet3
1101 705 1143 716 -
1166 675 1216 734 in-

76 781 192 840 stantia
223 779 449 857 reproponitur3
482 775 665 856 dispensatio
697 777 808 836 etenim
841 777 871 834 in
904 771 1004 834 radice
1035 775 1214 837 matrimonii

77 877 258 943 conceditur
286 881 375 940 etiam
404 883 470 960 post
498 883 623 942 mortem
651 876 774 940 alterius
801 894 839 938 ex
862 874 1059 958 conjugibus,
1090 880 1132 940 uti
1155 877 1215 942 1616

77 983 187 1064 probat
209 980 329 1046 Barbos.
353 988 413 1046 vot.
437 980 477 1045 27
504 999 536 1065 n.
562 977 599 1044 15
631 977 752 1044 1261
775 978 903 1044 firmavit
931 975 1007 1042 Rota
1035 978 1126 1042 decis.
1150 977 1213 1044 455

78 1105 110 1148 n.
137 1084 174 1150 11
199 1091 272 1168 part.
300 1082 313 1147 1
344 1089 455 1148 recent.

169 1189 222 1251 His
250 1189 413 1268 stantibus,
444 1187 473 1254 S.
504 1186 535 1249 G.
564 1187 596 1250 C.
625 1186 663 1248 ad
691 1182 829 1264 dubium,
862 1205 900 1250 an
930 1191 969 1250 sit
997 1185 1134 1250 standum
1165 1187 1213 1250 vel

77 1291 281 1356 recedendum
311 1313 328 1355 a
350 1291 460 1356 decisis
486 1288 690 1354 letaniam
717 1287 798 1354 1723
827 1292 857 1350 in
879 1305 952 1352 casu
974 1293 1030 1352 etc.
1059 1289 1214 1371 respondit

80 1393 132 1459 i8.
143 1394 227 1476 Sept.
248 1392 344 1458 1723:
368 1394 516 1474 „Praevia
532 1409 655 1462 recessu
672 1413 688 1456 a
702 1391 826 1468 decisis,
845 1393 1061 1458 consulendum
1076 1391 1213 1458 Sanctis-

75 1504 157 1563 simo
180 1515 233 1579 pro
256 1498 530 1585 dispensationem
553 1495 653 1560 radice
676 1497 889 1562 matrimonii.“
904 1499 930 1572 ¹)

551 1711 661 1774 casus
683 1707 742 1775 LV.

530 1842 760 1918 Dispensatio.

165 2006 354 2068 Contractum
387 2003 443 2066 luit
475 2007 695 2066 matrimonium
730 2007 808 2065 inter
838 2003 984 2069 loannem
1014 2002 1149 2086 Sapicam
1183 2011 1213 2066 et

75 2109 281 2172 Constantiam
304 2105 516 2184 Radziviliam,
546 2106 845 2186 praevia'Pontificia
873 2108 1095 2189 dispensatione
1123 2125 1214 2190 super

75 2218 190 2291 quarto
218 2210 314 2295 gradu
343 2213 628 2294 consanguinitatis,
659 2210 730 2272 lieet
759 2214 838 2272 inter
866 2228 899 2274 se
929 2215 1032 2274 essent
1059 2213 1222 2295 conjuncti¹

75 2319 167 2378 tertio
190 2321 221 2376 61
243 2320 358 2396 (puncto.
1184 2334 1185 2337 ’

163 2419 213 2482 Bis
236 2425 335 2482 actum
358 2418 415 2481 fuit
436 2417 473 2480 de
497 2417 552 2480 hac
575 2435 665 2482 causa
686 2417 880 2495 Lucaeorien.
904 2421 935 2480 in
958 2417 1013 2480 trae
1035 2417 1063 2482 S.
1089 2419 1137 2500 C.,
1163 2421 1211 2484 dte
1280 2479 1282 2483 .

76 2522 165 2584 videl.
191 2525 220 2585 7.
243 2523 324 2604 Sept.
350 2519 446 2599 1720,
471 2528 501 2584 61
523 2521 550 2584 d.
574 2519 624 2586 28.
648 2522 732 2584 Febr.
760 2519 854 2602 1722,
885 2527 916 2582 61
937 2521 1007 2584 lieet
1029 2526 1061 2584 in
1084 2527 1209 2605 utraque

76 2629 280 2706 propositione
303 2624 419 2688 Causae
444 2631 500 2686 tam
524 2623 690 2688 scribentes
714 2643 767 2704 pro
787 2624 920 2703 Joanne,
946 2643 1033 2706 quam
1058 2644 1111 2706 pro
1127 2625 1212 2690 Con-

76 2732 182 2790 stantia
207 2729 370 2792 nullitatem
390 2730 582 2792 admitterent
604 2731 800 2804 matrimonii,
825 2732 854 2788 et
874 2733 1014 2808 punctum
1033 2729 1212 2792 reducerent

74 2832 111 2893 ad
134 2849 255 2912 poenas,
280 2833 386 2914 quibus
407 2833 539 2896 loannes
562 2830 812 2911 praetendebatur
826 2847 893 2892 esse
913 2831 1074 2912 subjectus,
1097 2851 1211 2916 exque

77 2938 297 2997 matrimonium
321 2939 479 3011 contraxit,
504 2939 648 2996 scientem
683 2933 924 3014 conjunctionem
948 2951 1015 2996 eum
1040 2935 1210 3003 Constantia

75 3041 105 3100 in
135 3041 224 3100 tertio
254 3043 284 3100 et
313 3043 419 3119 quarto
440 3038 560 3122 ¹gradu3
590 3037 678 3102 Sacra
710 3037 902 3100 nihilominus
938 3023 1140 3125 congregatio
1172 3060 1211 3106 ex

78 3139 177 3204 cilicio
200 3141 375 3224 procedens,
399 3141 507 3220 voluit,
538 3147 570 3204 ut
593 3141 630 3203 de
653 3141 803 3206 validitate
827 3141 874 3204 vel
895 3143 1080 3208 invaliditate
1103 3150 1210 3210 matri-

75 3246 165 3306 monii
188 3247 290 3306 striete
313 3243 480 3318 videretur3
504 3250 534 3306 et
556 3249 625 3326 quia
649 3245 746 3308 totalis
769 3263 822 3327 pro
845 3245 980 3312 nullitate
1004 3249 1209 3312 constitueba-

74 3350 175 3410 turin
199 3345 276 3426 stylo
300 3345 449 3426 Datariae,
474 3347 542 3410 hinc
565 3352 621 3422 est,
645 3347 724 3430 quod
747 3353 842 3429 prima
862 3353 928 3412 viee
942 3349 1106 3433 respondit,
1130 3352 1209 3430 quod

75 3451 212 3516 Datariae
241 3449 371 3531 liegesta
406 3455 671 3531 perquirerentur,
708 3457 738 3512 et
768 3452 898 3514 secunda
933 3457 999 3514 vice
1029 3456 1208 3520 instantibus

74 3553 256 3616 Officialibus
278 3551 418 3614 Datariae
440 3571 494 3632 pro
517 3554 668 3634 dilatione,
693 3555 772 3636 quod
801 3573 890 3619 causa
914 3562 1131 3637 proponeretur
1152 3557 1207 3623 huo

74 3658 122 3718 die
144 3654 186 3720 28
208 3655 316 3718 Martii.
343 3687 379 3700 -

74 3826 277 3840 ......-.-....-...

102 3922 123 3990 ¹)
140 3921 259 3974 Thesaur.
284 3925 384 3978 resolui.
410 3924 485 3982 Gaas.
509 3926 627 3998 Progens.
655 3958 690 3970 -
718 3939 777 3986 torn.
796 3931 815 3984 l.
841 3949 865 4000 p.
884 3931 941 3986 326.
967 3939 1024 3986 tom.
1043 3932 1074 3984 ll.
1103 3948 1126 4004 p.
1146 3935 1207 4000 257,

142 4009 201 4072 ³55,
221 4011 279 4064 369.
810 4045 813 4054 ν
