2758 4664
445 217 483 274 ile
501 212 591 272 Caucis
608 213 842 272 matrimonialibus.
1140 197 1203 268 211

61 375 227 453 unicuique
243 379 411 458 aperiretur
428 377 527 442 aditus
549 375 585 442 ad
605 373 868 459 transgrediendos
883 371 1016 459 leges,¹t
1035 391 1073 438 ao
1092 390 1204 438 neces-

62 480 144 540 sario
172 482 312 544 universa
332 478 490 546 Ecclesiae
512 480 669 561 disciplina
691 482 860 554 corrueret;
889 477 958 542 hinc
980 477 1016 542 ab
1045 482 1205 562 episcopis,

61 584 131 642 sine
155 583 276 662 speciali
299 583 450 660 facultate,
472 602 512 646 ex
534 583 686 650 ordinaria
708 581 899 666 delegatione
914 586 965 644 vix
988 587 1087 662 potest
1105 580 1205 646 valide

60 683 230 768 dispensari
259 705 328 750 cuna
350 705 529 770 quocunque
550 692 583 750 tn
604 685 701 770 gradu
722 683 857 748 secundo
880 691 911 748 et
933 689 1043 750 ceteris
1073 685 1116 748 tllt
1139 690 1201 748 irn-

61 788 236 869 pedimento
258 791 524 872 aequivalentibus,
548 794 606 854 nisi
629 807 669 852 cx
691 792 800 868 causis,
824 785 862 852 cb
884 805 959 872 quas
981 787 1019 852 de
1040 787 1100 852 tllts
1116 788 1205 852 Curta

63 890 200 956 Romana
223 891 398 975 dispensare
417 895 495 958 solet
516 897 550 956 tn
568 894 663 960 torma
683 908 863 974 pauperum,
886 907 942 956 scu
964 909 1004 956 ex
1024 896 1124 958 causis
1146 892 1206 957 de-

63 993 255 1062 sanantibus.

582 1137 611 1206 i·
635 1131 687 1198 53.

64 1263 116 1324 De
135 1263 453 1340 dispensationibus
471 1263 509 1325 in
527 1263 672 1340 singulis
685 1259 945 1338 impedimentis
962 1259 1206 1326 dirimentibus

469 1365 659 1426 earumque
677 1348 801 1410 causis.

150 1463 293 1545 Exposita
312 1466 375 1548 Jam
398 1471 482 1548 praxi
497 1466 604 1528 Curiae
626 1463 778 1527 Romanae
801 1464 839 1526 de
862 1467 1010 1549 gravitate
1031 1481 1201 1542 causarum,

62 1585 141 1648 quac
172 1574 367 1650 requiruntur
396 1569 434 1630 ad
470 1567 704 1652 dispensandum
737 1571 893 1648 speciatim
927 1572 959 1630 in
989 1565 1205 1649 impedimento

63 1677 351 1755 consanguinitatis,
380 1677 544 1754 praecisius
566 1669 796 1755 investigandae
818 1675 887 1734 sunt
917 1685 1043 1740 causae,
1073 1686 1112 1733 ex
1134 1673 1206 1752 qul-

64 1772 122 1834 bus
145 1775 250 1836 eadem
275 1775 362 1838 Curia
384 1781 416 1838 in
439 1781 547 1837 ceteris
571 1774 792 1858 impedimentis
815 1773 988 1857 dispensare
1010 1773 1097 1837 solet.

150 1875 173 1938 l.
194 1875 241 1939 De
259 1880 471 1960 impedimento
488 1877 664 1960 affinitatis.
684 1912 725 1928 -
742 1875 808 1941 Jam
831 1877 1074 1960 supradiximus,
1098 1875 1207 1942 Sedem

63 1978 271 2060 Apostolicam
291 1997 442 2062 nunquam
459 1981 633 2062 dispensare
656 1985 688 2043 in
710 1984 807 2062 primo
824 1981 920 2064 gradu
937 1979 1091 2044 alilnttatis
1107 1979 1206 2046 lineae

62 2085 167 2143 rectae
190 2101 228 2142 ex
249 2083 356 2163 copula
377 2085 482 2159 licita,·
505 2088 537 2146 in
560 2088 670 2147 ceteris
692 2081 835 2168 gradibus
857 2081 1038 2165 dispensatio
1061 2081 1207 2146 concedi·

64 2190 128 2262 tur,
153 2185 343 2267 etquidem:
766 2201 771 2210 ·

97 2283 131 2362 1)
154 2283 188 2346 ln
210 2293 299 2352 tertio
324 2295 353 2351 et
375 2296 481 2371 quarto
504 2291 602 2374 gradu
624 2307 664 2351 ex
686 2293 786 2354 causis
817 2292 905 2350 etiam
928 2287 1109 2367 levioribus,
1136 2307 1204 2355 cum
1230 2330 1231 2334 =

146 2387 234 2472 juxta
257 2409 446 2455 communem
476 2397 658 2458 sententiam
680 2409 736 2475 pro
759 2392 982 2474 dispensatione
1003 2396 1035 2455 ln
1056 2389 1115 2455 hcc
1142 2396 1206 2454 im-
1324 2403 1328 2412 '

149 2493 322 2576 pedimento
344 2500 442 2558 minus
465 2513 580 2580 urgens
603 2515 638 2559 ac
661 2500 763 2580 gravis
786 2513 877 2559 causa
899 2497 1084 2575 requiratur,
1115 2513 1203 2578 quam

150 2601 184 2658 in
206 2597 421 2679 impedimento
444 2603 722 2684 consanguinitatis.

91 2696 127 2774 2)
150 2697 186 2760 ln
215 2701 346 2764 secundo
375 2702 471 2788 gradu
500 2701 652 2767 allinitatis
682 2703 782 2764 lineae
810 2707 1001 2765 transversae
1031 2719 1072 2764 ex
1099 2699 1206 2785 copula

148 2803 234 2866 licito
256 2805 379 2868 caedem
403 2805 469 2869 lere
490 2825 599 2872 causae
618 2805 837 2886 desiderantur,
861 2811 952 2888 atquc
970 2803 1008 2868 ad
1025 2804 1208 2888 dispensan-

129 2903 221 2968 ¹dum
244 2911 276 2969 in
301 2909 435 2972 secundo
458 2908 554 2996 gradu
577 2905 896 2993 consanguinitatis.²)
924 2905 957 2970 ln
979 2905 1086 2970 eodem
1108 2907 1206 2993 gradu

148 3027 189 3072 ex
211 3011 315 3092 copula
337 3013 457 3092 illicito,
481 3011 619 3076 Pontifex
638 3011 793 3092 dispensat
814 3027 882 3074 cum
905 3014 1013 3092 quovis
1036 3028 1076 3074 ex
1097 3015 1205 3093 quavis

149 3113 318 3177 rationabili
343 3135 442 3196 causa,
467 3121 535 3198 quia
558 3115 606 3178 hic
622 3133 711 3178 casus
733 3120 873 3197 respectu
895 3113 982 3196 hujus
997 3115 1206 3197 impedimenti

148 3221 196 3280 est
218 3218 340 3283 ultimus
362 3225 392 3282 et
412 3221 642 3282 remotissimus.
669 3229 672 3234 '

85 3317 125 3398 3)
148 3319 184 3381 ln
202 3325 299 3402 primo
322 3321 418 3406 gradu
434 3320 587 3384 affinitatis
605 3326 715 3384 iterum
733 3321 893 3402 plurimum
916 3317 1025 3399 differt,
1049 3337 1121 3382 num
1135 3319 1208 3384 alil-

148 3428 227 3488 nitas
244 3429 417 3506 provenerit
438 3443 478 3487 ex
493 3429 684 3488 matrimonio
702 3441 741 3487 an
758 3443 798 3486 ex
815 3423 1065 3505 copulatiorem
1085 3427 1118 3484 ln
1135 3441 1208 3488 casu

149 3531 311 3610 posteriori
326 3525 464 3592 Pontifex
481 3526 654 3610 dispensare
672 3527 750 3590 solet
764 3531 834 3590 anta
853 3531 965 3610 etpost
986 3529 1206 3590 matrimonium

150 3637 340 3696 contractum
359 3651 420 3714 pro
438 3629 511 3712 soro
527 3635 649 3696 interno
671 3635 762 3696 etlam
784 3631 822 3693 de
843 3635 950 3714 primo,
975 3628 1074 3692 lineae
1096 3637 1207 3696 tram-

146 3753 260 3798 oerece
283 3743 314 3800 et
335 3743 457 3816 rectae,
486 3754 553 3800 cum
576 3738 685 3819 quovis
712 3752 751 3836 ex
772 3739 878 3817 quavis
906 3731 1077 3800 redonabiti
1100 3751 1206 3812 causa,

88 3927 111 3993 ¹)
129 3921 211 3978 (iore.
228 3924 298 3978 Trid.
316 3939 378 3978 serv.
397 3925 439 3976 25.
457 3939 480 3975 c.
499 3924 541 3976 rs.

87 4013 112 4080 ¹)
130 4009 276 4082 stumaag.
294 4010 423 4064 lteiiienvt.
441 4023 500 4078 app.
518 4023 543 4061 a.
563 4007 622 4062 tat.

905 4047 1000 4144 'tte
