2746 4646
299 194 337 246 oe
354 193 541 263 samonensis
559 197 743 248 namneum
765 195 947 249 aranearum.
1127 177 1187 246 ist

136 359 183 416 tus
206 359 238 414 et
260 371 369 416 nomon
393 371 522 434 sponsae
544 353 581 414 ad
609 353 753 428 alterum;
775 352 846 415 dein
868 352 996 416 adnotes
1018 371 1108 433 supra
1130 369 1191 415 no-

136 474 206 518 men
244 461 346 536 sponsi
376 461 496 520 uomina
533 473 639 520 eurum
674 461 990 539 consanguineorum,
1022 461 1073 538 qui
1112 455 1190 520 torte

135 577 224 622 eausa
241 569 309 621 esse
333 567 466 640 possunt,
489 567 522 623 ut
538 561 635 640 aliqua
659 564 801 641 cognatio
823 563 940 622 intersit
962 576 1029 621 cum
1060 576 1187 640 sponsu

134 663 214 725 idem
247 662 337 727 sanita
371 664 470 743 quoad
502 681 651 744 sponsum.
697 663 730 736 b)
770 662 836 736 Oua
873 663 949 724 fautu
977 661 1180 739 adnotatione,

133 765 279 828 ascendas
302 785 341 827 ex
363 785 421 829 una
444 773 527 846 parte
550 773 579 826 at
602 783 641 827 ex
663 766 766 845 altera,
790 783 825 828 au
847 766 953 828 nouas
974 772 1073 826 utrum
1102 781 1180 828 oon·-

133 871 257 930 veniant
277 872 309 929 in
332 875 481 932 cummuni
506 875 653 962 principio
683 885 738 931 seu
767 874 868 950 stipite
895 887 935 929 ex
963 885 1024 948 quo
1061 883 1190 948 sponsus

132 975 165 1031 et
186 989 295 1051 sponsa
317 977 376 1032 sint
399 973 531 1036 mediata
548 977 694 1056 generati.
718 1009 759 1018 —
783 973 877 1050 Hinc,
910 975 1066 1052 postquam
1096 974 1189 1032 inve·-

134 1077 228 1152 neris,
251 1074 400 1155 simulque
422 1075 686 1153 animadverteris,
710 1082 807 1138 utrum
831 1079 933 1154 sponsi
957 1078 1016 1135 sint
1044 1077 1075 1134 in
1107 1071 1187 1136 linea

135 1175 255 1256 aequati
276 1178 325 1238 vei
347 1179 512 1257 inaequali,
537 1181 669 1260 applicas
690 1178 810 1242 tundam
833 1176 956 1260 regulas
978 1181 1067 1254 supra
1092 1175 1187 1253 datas,

134 1285 174 1347 et
189 1278 331 1342 resolutio
354 1279 434 1342 dubii
466 1281 613 1360 patebit¹).

135 1381 183 1444 tii.
228 1381 349 1444 Certum
373 1391 429 1461 est,
464 1383 496 1460 1)
525 1385 651 1468 dejure
681 1386 788 1448 saltem
817 1383 1022 1446 ecciesiastiuu
1056 1393 1188 1442 uunsuna

45 1489 225 1568 guinitatem
249 1488 279 1548 in
304 1503 492 1568 quocumque
514 1489 609 1572 gradu
639 1489 737 1551 tineae
759 1493 861 1549 rectae
890 1488 1111 1547 matrimonium
1133 1483 1185 1544 di-

44 1585 200 1661 rimere.²)
244 1588 280 1662 2)
304 1572 599 1674 consanguinitatum
623 1597 655 1654 in
677 1591 755 1654 linea
780 1588 943 1654 uoiiateraii
966 1592 1187 1662 matrimonium

44 1690 190 1750 dirimere
223 1707 318 1771 usquo
347 1692 384 1753 ad
413 1701 550 1774 quartum
582 1693 707 1778 gradum
741 1694 949 1755 inclusive-at
980 1707 1040 1752 non
1073 1685 1187 1765 uitru³t

44 1791 79 1864 3)
105 1793 400 1876 Consanguinitatem
424 1801 514 1858 etiam
538 1801 758 1861 matrimonium
788 1796 929 1856 dirimere
947 1796 1026 1852 inter
1048 1810 1112 1870 uos,
1136 1797 1187 1873 qui

45 1902 196 1976 exparte
220 1903 343 1976 tantum,
377 1899 426 1960 vol
458 1919 497 1961 ex
528 1900 634 1963 eadem
667 1910 770 1971 matre,
803 1902 861 1960 nati
896 1902 981 1970 sunt;
1014 1899 1085 1956 itum
1109 1901 1188 1958 inter

47 2004 292 2082 consanguineos
333 2019 372 2062 ex
409 2002 574 2085 illegitimis
606 2002 753 2066 natalibus
784 2005 953 2086 generatos.
1006 1997 1094 2062 Ratio
1130 2005 1186 2078 ost,

48 2106 117 2182 quia
151 2101 311 2168 diversitas
333 2109 423 2184 patris
462 2113 512 2168 aut
544 2111 645 2168 matris
668 2106 716 2168 vei
738 2105 933 2187 illegitimitas
955 2118 1017 2165 uon
1048 2101 1184 2182 impedit,

47 2210 119 2284 quin
141 2207 269 2268 carnaiis
291 2214 536 2292 consanguinitas
564 2214 643 2271 inter
672 2223 724 2270 eos
754 2213 871 2270 existat.
914 2204 950 2280 4)
977 2203 1191 2298 Impedimen·v

76 2440 98 2503 ¹)

431 2571 433 2582 '
491 2567 572 2634 Stipes
592 2566 739 2617 communis.

523 2652 611 2703 Petrus
626 2651 713 2703 Sanith.
804 2661 806 2772 ἱ

293 2809 379 2940 ςοίιυίι
624 2805 627 2914 ἰ
868 2812 956 2878 genuit

903 2895 914 2946 l

1076 2781 1178 2788 ——--

62 2953 186 3007 loannem
205 2957 294 3021 Satan,
312 2927 354 3028 qui
373 2963 460 3030 genuit
478 2978 507 3011 ux
528 2978 603 3013 uxore
698 2959 800 3014 Mariam
820 2963 899 3016 snut
915 2933 950 3016 ux
968 2982 1018 3035 que
1036 2965 1124 3034 genuit

245 3027 318 3078 Anna
337 3028 422 3080 Baiter
624 3073 626 3112 Ι
812 3031 925 3102 Georges
943 3033 1012 3086 Reed

317 3114 346 3164 11.
624 3115 626 3136 '
895 3118 927 3170 lt.

61 3179 201 3249 Josephum
212 3181 364 3304 Snrithhqui
382 3183 470 3252 genuit
490 3202 602 3236 exuroro
623 3163 626 3252 Ξ
655 3184 866 3252 toennensem,
877 3190 926 3310 gui
937 3191 1025 3256 genuit
1043 3207 1072 3242 un
1093 3207 1169 3243 uxore

321 3269 373 3304 ana
623 3275 625 3309 r
902 3274 952 3310 nna

112 3403 287 3456 Elisabetham
306 3337 402 3470 Slrlrffith,
421 3424 547 3474 sponsam.
621 3457 624 3490 Ι
688 3411 817 3531 88ςρηεῖ
820 3343 963 3532 1ῇὲξὲιίεῇ
966 3430 1023 3534 'aug
1041 3417 1130 3482 genuit

713 3633 850 3702 Georgium
870 3567 959 3699 timer,
978 3649 1108 3704 sponsum.

223 3713 294 3782 Gury
313 3732 336 3766 n.
357 3717 432 3770 1499.
757 3725 830 3774 insu.
849 3741 873 3790 p.
891 3723 961 3790 Epst.
981 3739 1006 3791 p.
1025 3725 1083 3776 289.

69 3799 91 3864 ²)
110 3799 216 3852 Constat
234 3817 265 3852 ex
280 3801 340 3866 jure
359 3799 420 3854 Gan.
440 3806 465 3854 in
484 3819 550 3872 resp.
570 3803 666 3858 Nicoiai
684 3805 716 3857 ad
735 3805 865 3874 Balgatos.
884 3826 906 3861 c.
926 3812 967 3862 37.

68 3884 93 3947 ³)
112 3884 218 3938 Constat
236 3903 268 3939 ax
286 3885 363 3939 Gonu.
382 3887 432 3940 Lat.
452 3889 493 3941 tv.
513 3899 537 3941 et
555 3909 585 3942 ex
603 3895 679 3944 variis
697 3893 759 3944 iocis
780 3895 845 3958 juris
864 3893 996 3947 Canonici.
1033 3893 1105 3952 Cous.
1126 3899 1183 3952 cas.

113 3970 202 4024 XXIX
221 3971 299 4025 XXX.
