2764 4664
197 187 261 266 276
568 217 606 272 lte
624 213 802 272 Oeiebratione
820 203 995 288 stupuimus·

201 391 227 437 o.
255 371 303 439 15.
325 371 498 454 flammeam
518 377 657 456 nuptiale
678 377 822 460 appellat,
853 381 922 459 quta
944 381 1087 440 nimbum
1109 376 1257 460 purpurei
1277 377 1339 436 erat

198 475 310 540 eoloris
329 475 367 539 ad
389 477 592 542 denotandum
613 479 740 543 lortmse
758 480 913 562 pudorem,
937 497 1027 563 quern
1048 483 1080 542 tn
1102 480 1246 563 conjugio
1269 491 1337 540 ser·

197 583 262 644 vari
286 583 412 663 oportet.
457 579 485 646 S.
508 579 640 646 isidorus
662 581 700 645 dc
722 581 781 647 hoc
802 587 861 647 ritu
884 582 970 646 dicit:
994 577 1151 664 „Sponsus
1173 588 1205 643 et
1227 596 1337 660 sponsa

190 671 338 746 'motetus
367 682 507 749 ardentes
536 687 569 747 ln
599 685 736 748 manibus
766 685 904 764 teneant,
935 692 980 763 et,
1012 681 1198 749 offertorium
1227 681 1336 746 blissae

197 785 370 866 audentes,
402 785 546 866 offerant,
576 793 607 849 et
635 785 794 869 antequam
823 789 908 866 „Pax
931 789 1074 850 Dominl“
1102 785 1233 866 dicatur,
1268 789 1337 847 ante

199 889 293 953 altare
314 888 370 952 sub
392 889 481 970 potito
504 891 553 952 vel
576 891 635 954 alio
657 889 791 970 quolibet
813 895 983 971 opertorio,
1008 893 1086 952 sicut
1107 908 1173 953 mos
1197 895 1256 968 est,
1280 887 1338 952 Sa-

192 976 305 1057 'cerdos
328 1009 382 1055 eos
404 991 598 1056 benedicat.“
642 991 709 1056 Non
731 995 829 1058 minus
851 997 973 1075 antiqua
994 1011 1082 1074 quam
1105 993 1254 1056 solemnis
1276 997 1341 1054 erat

198 1085 305 1176 eapitis
326 1099 494 1175 coronatio,
522 1113 600 1177 quae
623 1099 666 1158 stc
689 1099 793 1180 peragi
822 1101 996 1160 consuestis
1026 1095 1085 1159 tine
1102 1097 1166 1178 Jam
1190 1093 1342 1158 sacerdo-

197 1196 249 1260 tali
271 1197 472 1262 benedictioni
495 1201 654 1280 imposito,
685 1203 772 1262 novis
794 1199 972 1283 conjugibus
991 1201 1052 1282 J'am
1076 1197 1258 1262 discessuris
1282 1196 1342 1262 Sa·

198 1298 307 1363 cerdos
333 1304 398 1381 ipse
428 1317 554 1363 coronas
582 1302 753 1382 imponebat
782 1319 822 1364 ex
850 1303 935 1382 olea,
966 1309 1017 1366 aut
1047 1299 1170 1366 floribus
1193 1305 1338 1379 intextas,

198 1419 272 1484 quas
287 1403 435 1486 gerebant
457 1407 488 1466 ln
504 1403 661 1486 capitibus,
685 1404 755 1468 dum
770 1423 788 1470 e
805 1405 914 1486 templo
931 1404 1050 1468 domum
1070 1401 1341 1479 dimittebantur.¹)

201 1503 289 1568 llunc
310 1509 401 1568 ritum
424 1504 501 1588 apud
524 1503 657 1569 Graecos
678 1523 798 1590 semper
818 1512 969 1592 riguisse,
999 1513 1030 1570 et
1051 1512 1157 1591 vigere
1179 1505 1280 1570 adbuc
1302 1521 1341 1568 ex

200 1622 306 1672 eorum
328 1607 518 1691 Eucbologio
539 1613 664 1673 constat.
691 1609 825 1674 Eandem
848 1615 879 1673 tn
894 1609 1080 1674 Occidentalt
1101 1609 1239 1673 Ecclesia
1262 1627 1340 1672 oon-

201 1711 391 1774 suetudinem
422 1711 588 1776 obtinuisse
618 1713 705 1778 datur
731 1731 772 1774 en
793 1717 992 1794 responsione
1014 1711 1129 1776 Nicolai
1151 1711 1174 1775 1.
1202 1710 1243 1774 ad
1264 1711 1343 1775 Bul-

201 1831 301 1898 garos.
346 1814 459 1879 Verum
486 1821 544 1879 iste
571 1821 663 1895 ritus,
693 1817 765 1878 licet
792 1819 823 1878 in
850 1815 973 1880 Oriente
1001 1815 1097 1880 adbuc
1125 1816 1278 1893 obtineat,
1309 1819 1342 1876 in

203 1916 380 1980 occidentali
410 1919 546 1984 Ecclesia
574 1920 647 1983 abiit
674 1924 707 1982 in
735 1915 1015 1996 desuetudinem.²)
1056 1917 1172 1982 llorinn
1199 1923 1357 1980 veterum·

202 2016 403 2083 benedicendi
434 2025 552 2104 nuptias
580 2028 691 2087 rituum
723 2025 885 2107 vestigium
916 2029 1029 2086 mutum
1061 2025 1222 2101 retinetur,
1259 2020 1340 2101 quod

201 2119 328 2186 babetur
350 2127 383 2186 in
404 2121 517 2190 tttssatt
540 2143 595 2208 pro
617 2129 728 2209 nuptiis
750 2125 979 2202 benedicendis;
1001 2123 1055 2186 sed
1077 2131 1267 2206 quantopere
1279 2121 1341 2186 Ec-

199 2224 292 2289 etesia
325 2229 420 2290 etlam·
444 2225 606 2292 hodiedum
638 2229 804 2310 desideret,
838 2235 871 2292 ut
900 2233 1022 2311 nuptiae
1052 2228 1231 2292 solemniter
1261 2227 1340 2290 inira

198 2323 324 2392 btlssam
354 2329 585 2413 benedicantur,
616 2338 696 2414 patet
724 2336 861 2413 inprimis
887 2351 926 2394 ex
952 2331 1025 2412 hoc,
1058 2329 1137 2413 quod
1164 2329 1258 2394 Missa
1287 2342 1340 2411 pro

198 2447 313 2511 sponso
335 2439 367 2496 et
388 2452 498 2516 sponsa
520 2434 665 2519 singulari
688 2439 896 2519 praerogativa
919 2439 958 2498 sit
979 2435 1164 2520 privilegiata
1188 2437 1241 2510 (ut
1262 2432 1340 2496 intra

198 2534 381 2613 ridebimus)
403 2542 435 2600 in
457 2536 591 2600 lavorem
614 2536 705 2619 hujus
725 2537 950 2617 benedictionis,
977 2555 1055 2620 quae
1077 2535 1262 2620 regulariter
1274 2532 1340 2596 fieri

199 2650 259 2698 uon
281 2637 381 2719 debet,
405 2641 464 2702 nist
485 2644 565 2704 inter
586 2639 744 2706 blissarum
767 2640 921 2704 solemnia.
929 2637 959 2718 ³)
987 2637 1050 2704 Nec
1072 2646 1173 2703 tamen
1196 2632 1339 2718 parochis

198 2737 251 2820 jas
272 2732 333 2820 est,
365 2741 510 2828 stipendi
529 2760 657 2826 sponsos
685 2745 723 2808 ad
744 2742 983 2810 benedictionem
1011 2747 1041 2806 tn
1063 2741 1173 2807 Missae
1196 2741 1338 2805 celebra-

197 2844 281 2904 tione
304 2842 550 2926 recipiendmn.⁴)
581 2846 618 2910 ln
637 2849 687 2912 tali
711 2863 783 2911 casu
804 2845 973 2910 benedictio
996 2847 1140 2910 solemnis
1162 2861 1202 2907 ex
1224 2839 1337 2906 ldtssatt

197 2945 286 3007 entra
307 2945 428 3009 Missam
456 2947 628 3014 immediate
649 2957 717 3034 pest
738 2949 969 3016 celebrationem
997 2953 1166 3032 nuptiarum
1190 2945 1260 3011 dart
1279 2963 1338 3029 po-

200 3042 312 3125 test,⁵)
328 3048 416 3128 juxta
438 3050 539 3131 plures
561 3052 625 3116 dari
649 3049 782 3130 debent)

225 3306 248 3374 ¹)
267 3306 292 3361 S.
310 3305 438 3376 Chrysost.
457 3312 525 3366 bom.
543 3316 567 3370 9.
591 3317 618 3369 1ιι
638 3315 661 3369 1.
680 3333 719 3386 ep.
739 3316 772 3369 ad
789 3317 893 3371 Timotb.
914 3315 1001 3382 docet,
1024 3317 1057 3370 ab
1074 3315 1192 3370 Ecclesia
1215 3315 1336 3388 mange

266 3392 355 3447 donari
373 3410 477 3463 corona,
494 3408 523 3451 ut
540 3402 655 3466 victorie,
674 3418 749 3472 quam
770 3419 801 3456 ex
817 3403 951 3456 mundanis
968 3402 1093 3456 illecebris
1110 3419 1210 3456 morum
1229 3407 1336 3474 integri-

265 3487 315 3532 tate
333 3489 534 3549 reportaverunt,
553 3487 738 3553 ostenderetur,
755 3487 818 3541 adeo
835 3498 863 3542 ut
880 3488 922 3541 hic
940 3487 1022 3541 honor
1035 3491 1130 3559 nuptiis
1149 3505 1201 3542 nou
1220 3493 1270 3543 rite
1287 3492 1335 3542 ini-

265 3567 306 3631 tis,
325 3581 453 3636 mquam
472 3585 617 3637 concessus,
635 3585 740 3642 perraro
759 3575 891 3638 secundis,
910 3577 1058 3644 reperiatur.

224 3650 248 3718 ¹)
266 3649 366 3705 Fcrraici
383 3654 445 3708 lnst.
462 3656 509 3710 bit.
528 3676 552 3727 p.
571 3661 596 3712 3.
614 3673 636 3712 e.
656 3661 696 3712 te.

124 3741 127 3746 '
223 3737 247 3805 ³)
265 3736 291 3790 S.
309 3735 338 3789 G.
357 3736 385 3791 G.
405 3740 445 3793 te.
464 3740 524 3796 tutti
544 3744 619 3799 loeo.
637 3745 661 3798 S.
680 3743 708 3797 G.
726 3745 758 3800 tt.
775 3750 799 3800 7.
817 3747 885 3818 Sept.
905 3747 979 3804 1810.

200 3821 248 3888 1⁴)
266 3821 291 3874 S.
310 3820 339 3876 G.
357 3823 386 3877 E
406 3825 429 3878 1.
446 3825 514 3895 Sept.
534 3827 603 3882 1838
618 3831 645 3880 iu
662 3827 835 3904 Eystettcmi.2

221 3905 246 3974 ⁸)
264 3906 381 3964 instruct.
397 3907 464 3965 Part.
481 3911 552 3980 Epst.
576 3930 601 3984 p.
619 3913 679 3968 363.
833 3916 835 3920 ’

224 3991 488 4063 ⁸)Gurp.n.1540.
523 4031 524 4035 =
