2764 4664
194 241 261 322 uro
558 272 600 326 ua
615 271 969 342 circamundanum.
1049 287 1054 296 ,

194 427 327 494 bdhtbito
356 442 416 492 uno
446 431 551 492 saltem
579 429 697 493 clerico
727 431 945 512 superpelliceo
977 435 1092 513 pariter.
1124 429 1246 511 induto,
1283 435 1333 513 qut

196 532 304 596 librum
327 538 358 594 et
386 550 439 594 vas
462 548 557 614 aquae
587 533 763 596 benedictae
787 552 854 594 cnm
886 539 1057 613 aspersorio
1080 534 1207 613 deierat,
1231 551 1332 596 coram

196 636 291 698 tribus
315 641 366 698 aut
387 635 503 697 duobus
526 635 696 717 testibus¹),
720 641 816 698 virum
840 642 871 697 et
894 637 1061 714 mulierem,
1085 655 1160 718 quos
1177 645 1333 718 parentum

196 738 245 800 vel
267 743 502 820 propinquorum
525 757 647 802 suorum
672 744 841 820 praesentia
864 737 1051 801 cohonestari
1075 739 1172 817 decet,
1196 742 1234 802 de
1258 761 1336 804 cou-

195 857 288 904 sensu
316 845 347 902 in
375 843 597 903 matrimonium
626 847 793 926 interroget
820 849 980 922 utrumque
1003 841 1177 925 singillatim
1198 850 1232 906 in
1256 844 1334 908 hunc

195 943 317 1007 ndum
340 943 457 1028 vulgari
481 961 635 1008 sermone:
1040 926 1047 936 ’

268 1046 341 1127 ,it
371 1051 418 1109 vis
450 1051 588 1127 accipere
610 1047 645 1111 N.
676 1047 723 1110 bic
757 1054 963 1129 praesentem,
995 1053 1026 1109 in
1058 1055 1138 1112 tuam
1167 1049 1334 1131 legitimare

193 1164 334 1229 uxorem,
353 1151 438 1232 iarah
460 1154 550 1212 ritum
573 1149 700 1217 Sanctae
722 1151 825 1214 Matris
847 1150 1022 1214 Ecclesiae?

281 1252 472 1335 Respondeat
493 1269 636 1334 sponsm:
661 1253 792 1328 ,‚Volo“.

279 1356 352 1420 llox
374 1354 520 1419 Sacerdos
542 1375 681 1436 sponsam
703 1360 889 1440 interroget:
912 1355 967 1431 N.,
997 1360 1042 1418 vis
1065 1359 1203 1436 accipere
1226 1354 1262 1418 N.
1287 1354 1334 1418 hic

191 1465 400 1540 praesentem,
432 1463 463 1520 in
493 1464 575 1522 tunm
606 1459 773 1543 legitimum
802 1463 956 1537 maritum,
984 1459 1071 1540 juxta
1093 1464 1183 1520 ritum
1206 1457 1334 1522 &nobe

190 1561 297 1625 listris
317 1561 493 1624 Ecclesiae?

281 1662 488 1746 Respondeatz
512 1663 597 1728 Volo.

280 1768 343 1832 Nec
365 1765 477 1832 sufficit
498 1783 665 1830 cousensus
687 1773 787 1845 unius,
819 1767 872 1830 scd
895 1767 984 1828 debet
1008 1783 1077 1828 esse
1098 1766 1275 1845 amborum,
1305 1773 1334 1828 et

191 1885 357 1951 expressam
400 1868 500 1948 abque
522 1873 610 1952 signu
632 1869 777 1948 sensibili,
801 1877 866 1934 sive
888 1871 939 1934 liat
955 1887 1009 1950 per
1029 1887 1073 1947 se,
1097 1873 1162 1930 sive
1186 1886 1240 1948 per
1260 1886 1335 1948 pro-

191 1977 375 2035 cantorem.
882 1955 885 1966 ’

280 2073 384 2136 llatae
412 2076 505 2156 igitur
533 2073 772 2138 contrahentium
811 2091 961 2138 consensu
983 2075 1152 2152 intellecto,
1187 2072 1333 2137 Sacerdos

190 2173 296 2256 iubeat
316 2191 370 2236 eos
391 2177 520 2238 invicem
540 2177 671 2260 jungere
694 2173 878 2252 dexteras²)‚
901 2177 1021 2240 dicens:

263 2404 364 2472 nequit3
383 2417 440 2453 cum
458 2401 571 2472 ignatius
590 2413 694 2472 martyr,
712 2405 889 2471 Apostolorum
909 2404 1059 2473 discipulus,
1077 2404 1102 2456 id
1122 2413 1209 2470 aperte
1228 2413 1332 2456 testetur

189 2529 193 2536 .
263 2490 290 2540 iu
307 2487 388 2555 Epist.
406 2487 438 2538 ad
456 2487 591 2558 Polycarp3
611 2499 742 2559 postquam
762 2492 828 2542 enirn
847 2492 958 2560 virgines
976 2490 1089 2542 hortatus
1107 2498 1153 2551 est,
1174 2507 1207 2541 ne
1225 2493 1332 2559 virgini-

263 2576 321 2626 tatis
340 2572 421 2636 laude,
442 2589 491 2644 qua
510 2573 637 2626 Christum
656 2584 758 2626 secutae
768 2576 900 2641 florebant,
919 2591 995 2643 supra
1015 2584 1111 2626 ceteras
1130 2593 1158 2626 se
1176 2577 1331 2628 extollerent.

262 2661 369 2724 „Decea
386 2661 474 2728 inquit,
492 2659 637 2712 ducentium
656 2661 838 2712 etnubentium
857 2661 1058 2726 conjunctionem
1070 2662 1124 2712 lieri
1144 2661 1332 2728 cumEpiscopi

192 2747 196 2754 '
260 2747 395 2809 'senitentia,
414 2753 441 2796 ut
458 2747 491 2796 ita
510 2750 614 2814 nuptiae
631 2745 769 2798 secundum
789 2745 924 2797 Dominum
942 2749 1002 2808 sint,
1020 2759 1071 2797 uon
1090 2756 1173 2798 autem
1193 2747 1330 2798 seminatam

261 2832 520 2898 concupiscentiam.“
548 2833 685 2898 Selsopps'o
704 2833 787 2901 Antiq.
812 2832 897 2885 christ.
914 2835 1017 2884 institut.
1037 2831 1078 2884 lib.
1098 2832 1142 2883 lll.
1160 2849 1181 2884 c.
1207 2835 1245 2885 15.
1266 2835 1291 2897 S.
1308 2834 1329 2884 3.

148 2953 159 2972 .
219 2917 242 2984 ¹.)
258 2918 345 2980 Soter,
364 2915 443 2984 Papa,
461 2917 548 2980 †ttt,
566 2919 703 2970 instituisse
714 2919 831 2982 traditur,
848 2927 876 2970 ut
893 2933 1001 2986 sponsus
1019 2927 1044 2970 et
1052 2932 1156 2985 sponsa,
1171 2934 1232 2968 cum
1252 2918 1330 2970 bene-

261 3001 361 3056 dicendi
380 3009 438 3052 snut
455 3018 470 3054 a
489 3001 631 3066 sacerdote,
648 3021 663 3054 a
682 3003 828 3070 parentibus
846 3007 898 3056 suis
917 3004 957 3058 vel
969 3021 984 3056 a
996 3003 1175 3071 paranymphis
1185 3003 1330 3056 afferantur.

260 3086 356 3138 concil.
375 3084 462 3140 Carth.
480 3089 540 3140 398.
557 3104 579 3139 c.
599 3089 640 3140 1³.
657 3119 691 3128 -
709 3091 822 3158 Sponsus
845 3089 933 3142 babuit
951 3088 1168 3157 paranymphum,
1194 3097 1218 3140 et
1236 3105 1330 3156 sponsa

198 3203 201 3208 ·
261 3172 478 3240 paranymphum,
495 3189 601 3244 quarm
620 3191 712 3226 munus
730 3183 799 3238 erat,
818 3192 863 3243 per
881 3184 980 3243 tempus
998 3174 1172 3243 sponsalitium
1192 3190 1252 3226 esse
1270 3191 1332 3226 cou-

260 3258 369 3310 siliarios
386 3274 537 3327 spantorum
562 3269 637 3329 atque
659 3262 780 3312 castitatis
799 3262 931 3324 custodes,
955 3260 987 3312 de
1004 3257 1092 3312 oihciis
1117 3263 1273 3312 matrimonii
1291 3276 1332 3310 eoa

259 3344 362 3410 docere,
381 3353 456 3414 atque
473 3350 499 3398 iu
522 3345 692 3398 celebratione
710 3349 862 3399 matrimonii
886 3347 1010 3400 assistere.
1044 3346 1119 3414 Apud
1138 3346 1251 3398 Graecos
1270 3349 1333 3397 inter

258 3431 447 3501 paranymphos
458 3441 484 3486 et
493 3447 603 3500 sponsos
611 3435 730 3500 cognatio
743 3431 888 3500 spiritualis,
908 3434 1093 3484 matrimonium
1104 3433 1234 3492 dirimens,
1250 3433 1330 3484 locum

207 3567 210 3572 .
259 3518 375 3575 babuit.“
410 3518 547 3570 Bt'rtters'ttt.
573 3533 598 3583 p.
616 3518 640 3570 6.
658 3534 682 3570 a.
705 3535 762 3588 pag.
783 3518 847 3580 110,
875 3519 941 3584 ill,
962 3520 1017 3572 112.
1042 3507 1129 3572 utica.
1154 3516 1250 3588 liturg.
1270 3535 1295 3584 p.
1313 3516 1331 3568 l.

259 3621 291 3674 pa
310 3643 316 3657 .
336 3605 394 3658 346.

182 3715 199 3728 ·
219 3623 357 3760 ’ispius
375 3696 426 3742 stat
443 3703 527 3740 eorum
545 3686 619 3740 altari
637 3686 670 3737 ad
688 3689 814 3739 sinistram
832 3690 928 3755 sponsi,
945 3690 982 3740 sic
1000 3688 1126 3750 indicans,
1146 3704 1174 3738 se
1192 3704 1251 3740 esse
1269 3690 1331 3742 sab-

198 3797 201 3802 ·
241 3775 242 3778 ’
255 3775 351 3842 jectum
368 3773 433 3830 viro.
453 3777 475 3826 t.
494 3771 551 3826 Gur.
572 3773 610 3832 tt,
629 3773 654 3824 3.
688 3773 755 3840 pr.
774 3776 799 3826 5.
818 3774 860 3826 23.
896 3771 976 3836 Quam
1001 3778 1120 3844 antiquus
1143 3775 1176 3826 sit
1201 3777 1281 3838 ritus,
1307 3785 1332 3826 ut

188 3891 191 3898 ⁴
258 3865 345 3930 spousi
369 3861 463 3914 seilicet
486 3859 671 3910 matrimonium
696 3859 872 3912 contrahentes
899 3867 998 3914 mutuas
1022 3860 1068 3912 sibi
1095 3859 1210 3912 dexteras
1234 3861 1331 3920 darent,

189 3977 191 3982 ·
258 3956 405 4002 constater
427 3961 448 3998 s.
466 3944 612 4012 Scriptura,
629 3943 725 4014 Tobiae
742 3962 764 3998 c.
783 3947 807 3998 6.
832 3945 875 3997 ubi
899 3945 931 3998 de
948 3947 1044 4016 Raguel
1069 3948 1189 4015 scriptum
1214 3947 1330 4018 legimus,

200 4083 203 4090 ,
259 4032 328 4102 quod
344 4029 541 4101 apprehendens
559 4031 688 4084 dexteram
699 4031 766 4084 tiliae
779 4048 851 4097 suae,
869 4031 987 4086 dexterae
998 4031 1090 4086 Tobiae
1103 4031 1213 4101 tradidit,
1230 4033 1327 4086 diceus:
