2764 4664
438 222 476 276 lte
494 219 670 276 celebratione
688 221 846 292 Nuptiarum.
1145 202 1211 274 269

67 374 285 444 lemnlmntem
307 385 511 462 pervenerint,
534 399 595 446 non
618 379 687 446 11111
700 379 912 446 contrahentes
934 384 966 444 in
988 381 1210 444 matrimonium

68 499 268 566 conpungere.

588 617 615 686 1.
642 613 692 678 71.

199 781 252 842 De
269 781 339 844 ritu
357 781 555 844 celebrandi
572 781 787 844 matrimonii
805 783 1079 848 Sacramentum.

158 912 180 977 l.
204 912 423 977 Matrimonium
445 931 507 978 non
528 912 618 976 debet
640 913 786 978 celebrari
809 915 916 980 ecdem
939 915 998 996 die,
1023 935 1083 1000 quc
1105 916 1208 980 ultima

68 1015 262 1082 denuntiatio
278 1015 356 1080 lacta
378 1022 436 1095 est,
461 1021 650 1098 nisipostero
673 1017 722 1080 die
745 1021 784 1080 sit
803 1021 921 1084 initium
938 1024 1082 1102 temporis
1104 1019 1209 1099 claust,

68 1140 132 1203 quc
155 1124 187 1184 in
209 1137 280 1184 casu
302 1119 598 1202 moneaturpopulus
620 1121 658 1185 de
674 1119 875 1186 contrahendo
889 1127 1079 1188 matrimonio
1102 1121 1209 1188 ecdem

68 1223 130 1288 dte.
162 1223 248 1288 Ratio
270 1227 367 1304 patet;
399 1241 486 1288 secus
509 1227 589 1286 enirn
612 1223 680 1287 linis
709 1223 944 1290 denuntiationis
971 1245 1032 1290 non
1054 1227 1211 1292 oblinere-

67 1329 121 1390 tur
130 1324 165 1404 ¹).
211 1327 336 1408 insuper
358 1331 389 1388 in
412 1327 513 1390 multis
544 1328 618 1392 locis
640 1327 831 1392 interdicitur
852 1329 1017 1394 celebratio
1039 1334 1209 1412 nuptiarum

67 1429 128 1494 sub
151 1447 301 1511 vesperas,
324 1447 369 1506 ac,
392 1434 527 1511 quamvis
550 1447 610 1493 non
632 1434 671 1492 sit
693 1437 883 1513 praeceptum
905 1431 1060 1498 Ecclesiae
1082 1437 1210 1497 univer-

67 1534 147 1614 sale,
170 1533 297 1597 dubitari
319 1551 380 1596 non
402 1539 519 1614 potest,
549 1538 622 1616 quin
644 1553 717 1598 usus
740 1540 858 1616 nuptias
880 1535 936 1598 sub
958 1553 1101 1617 vesperas
1123 1535 1210 1599 cele-

67 1636 188 1717 brandi,
211 1641 250 1700 sit
272 1636 378 1700 saltem
400 1641 504 1700 contra
526 1654 649 1700 sensum
662 1636 826 1717 Ecclesiae,
851 1646 891 1714 et,
913 1642 939 1702 si
961 1639 1130 1719 invaluerit,
1154 1657 1210 1722 pro

67 1739 187 1802 viribus
210 1739 272 1802 tolli
295 1739 411 1802 debeat.
435 1773 479 1787 -·
499 1740 545 1803 De
568 1741 646 1821 loco,
679 1741 729 1805 ubi
753 1745 976 1806 matrimonium
998 1741 1210 1807 celebrandum

70 1848 140 1923 est,
164 1847 208 1906 sic
235 1841 323 1906 hebet
346 1841 403 1906 mr.
432 1842 534 1906 Rom:
580 1843 824 1924 „Matrimonium
853 1849 884 1908 ln
915 1845 1051 1912 Ecclesia
1080 1850 1211 1911 maxime
1282 1877 1283 1880 ¹

68 1945 218 2010 celebrari
240 1944 345 2011 decetr
367 1945 421 2008 sed
443 1951 469 2010 si
492 1946 572 2011 domi
590 1947 772 2012 celebratum
795 1948 886 2012 luerit
909 1955 1068 2030 praesente
1079 1948 1210 2033 parocho

67 2057 102 2113 et
125 2049 260 2130 testibus,
284 2056 387 2132 sponsi
403 2054 525 2114 veniant
547 2050 585 2115 ad
607 2051 772 2116 Ecclesiam
786 2050 1027 2117 benedictionem
1040 2058 1210 2136 accepturi3
1281 2041 1283 2047 ’

66 2157 100 2216 11
123 2159 196 2217 tune
218 2161 323 2218 caveat
345 2153 506 2234 sacerdos,
530 2171 569 2216 ne
590 2158 699 2218 iterum
722 2173 740 2218 a
762 2154 1005 2220 contrahentibus
1028 2151 1209 2222 consensum

68 2261 187 2344 exigat,
210 2259 263 2322 sed
287 2264 400 2322 tantum
414 2257 657 2322 benedictionem
680 2257 918 2340 illisocnlerat“,
942 2257 1092 2324 celebrata
1106 2259 1207 2340 111111,
1266 2302 1267 2306 =

69 2367 103 2425 ut
125 2360 205 2426 inira
227 2359 389 2440 dicetur2).
542 2423 553 2458 ,

157 2464 193 2529 ll.
216 2465 388 2546 „Parecbus
409 2469 503 2550 igitur
525 2469 746 2529 matrimonium
775 2465 997 2544 celebraturus,
1028 2463 1210 2546 publicatio·

68 2569 159 2634 rdbus
182 2569 269 2634 111111
290 2569 385 2634 tribus
408 2567 513 2632 diebus
535 2567 630 2645 iestis,
653 2573 685 2632 ut
707 2569 818 2631 dictum
841 2571 903 2648 111,
926 2571 952 2632 11
975 2567 1089 2632 nullum
1111 2567 1210 2632 obstet

67 2673 329 2758 impedimentum,
353 2677 385 2738 in
400 2668 570 2752 Ecclesia³)
594 2671 812 2754 superpelliceo
836 2678 866 2734 et
889 2671 954 2736 alba
976 2671 1052 2738 stola
1073 2670 1207 2752 indutus,

70 2827 278 2843 ὶ--ἈΨ-

96 2895 493 2965 ι)1111.11111111.1.362.
522 2895 621 2964 linopp.
646 2911 670 2963 p.
694 2893 1007 2962 scemurensem.
1035 2923 1070 2937 -
1096 2893 1206 2950 Litterae
1237 2925 1249 2946 .

138 2983 320 3036 testimoniales
337 2982 370 3034 de
387 2984 493 3050 peractis
511 2981 742 3035 denuntiationibus
760 2979 906 3050 regulariter
929 2980 1047 3049 expedire
1070 2982 1207 3044 nonlicet,

138 3073 189 3124 nisi
207 3071 240 3124 et
258 3070 334 3122 horas
352 3076 409 3137 post
426 3069 539 3122 ultimam
558 3067 795 3137 promulgationem.

95 3157 120 3225 ²)
139 3157 165 3210 S.
184 3155 213 3210 G.
231 3155 260 3209 G.
280 3155 320 3208 17.
338 3155 411 3228 April
430 3155 557 3209 16111-
579 3154 609 3206 ln
627 3153 733 3206 ecclesia
750 3153 929 3206 celebrandum
947 3169 1005 3206 esse
1023 3154 1208 3208 matrimonium

138 3244 271 3312 antiquum
289 3249 327 3294 est
345 3241 495 3305 institutum,
518 3240 590 3306 cujus
608 3242 746 3293 meminere
769 3241 894 3308 permulti.
930 3238 1032 3303 Patres,
1057 3239 1148 3310 qulbus
1165 3242 1207 3292 in·

139 3328 249 3381 haerens
267 3327 292 3382 S.
311 3326 417 3380 Carolus
435 3329 462 3378 in
481 3324 596 3379 Concilio
614 3326 764 3396 provinciali
782 3326 813 3379 il.
831 3328 926 3379 statuit:
946 3325 1003 3390 „No
1015 3325 1139 3394 parcebas
1156 3325 1208 3378 ulic

138 3414 189 3468 alio
214 3415 270 3468 loco
294 3431 370 3485 quarn
393 3415 420 3466 11
437 3411 569 3478 Ecclesia,
594 3409 660 3483 quae
682 3411 902 3466 Sacramentorum
925 3413 1043 3480 proprius
1066 3411 1137 3464 locus
1161 3417 1209 3474 est,

138 3516 246 3570 sponsos
271 3501 429 3554 matrim0uio
449 3498 555 3569 jungat,
580 3501 629 3552 nisi
652 3516 683 3552 er
708 3499 826 3554 facultate
850 3498 882 3552 ab
904 3498 1030 3567 Episcopo
1056 3497 1208 3566 permissa.“

138 3585 250 3640 Fornici.
267 3602 293 3655 p.
311 3587 336 3640 ³.
354 3602 378 3638 c.
398 3586 438 3640 it.
456 3603 513 3655 pag.
532 3587 592 3640 372.

93 3673 119 3742 ³)
138 3671 223 3739 „iliad
241 3708 249 3725 .
265 3707 298 3726 ..
322 3672 456 3738 advertere
480 3679 601 3741 praestat,
629 3687 684 3723 earn
710 3670 769 3724 olim
795 3671 863 3741 apud
889 3670 1046 3724 Christianos
1068 3669 1209 3724 obtinuisse

137 3757 359 3821 consuetudinem,
378 3766 406 3812 11
422 3773 474 3811 nou
492 3757 566 3810 rncdo
584 3757 724 3826 Episcopus
742 3757 774 3808 de
792 3757 909 3811 ineundis
927 3759 1020 3825 nuptiis
1039 3756 1207 3818 consulerent,

136 3859 227 3900 rernm
259 3845 334 3898 etiam
361 3853 388 3897 ut
416 3846 519 3914 nuptiae
543 3845 644 3896 nonnisi
670 3844 846 3898 communibus
864 3844 1061 3898 Christianorum
1089 3842 1209 3911 precibus

137 3947 329 4002 sacrorumque·
351 3933 521 3984 ministrorum
554 3930 731 3984 benedictione
759 3939 976 3985 consecrarentur.
1016 3929 1089 4002 Hunc
1123 3935 1208 3982 autern

136 4032 236 4072 morem
253 4017 286 4072 ab
303 4017 431 4088 Apostolis
448 4017 590 4088 proiectum
608 4020 635 4073 in
653 4016 793 4072 Ecclesiam
807 4032 933 4084 manasse,
955 4018 983 4071 iu
1000 4015 1105 4072 dubium
1122 4017 1208 4072 111111
1247 4063 1249 4070 .
