2746 4646
125 230 129 238 ·
169 193 211 260 86
419 212 457 266 [ie
476 214 660 282 impedimentis
679 215 865 265 matrimonium
884 210 1064 264 dirimentibus.

167 385 253 432 error
282 369 432 449 qualitatis
461 327 607 434 retlirndat
636 373 667 432 in
690 387 865 450 personam,
896 373 920 430 st
943 369 992 430 illa
1016 369 1157 447 qualitas,
1188 367 1226 430 de
1250 385 1310 448 qua

167 489 253 533 error
267 478 413 549 versatur,
439 475 623 535 determinat
640 491 797 552 personam
818 478 848 534 in
865 478 964 536 auimo
980 477 1123 546 errautis3
1146 472 1216 534 hino
1235 472 1311 533 duas

167 580 338 655 proponunt
361 576 491 658 regulas.
525 576 630 637 Primo
652 581 714 638 est:
738 575 861 647 Quoties
885 576 1021 656 qualitas,
1045 579 1076 636 in
1099 593 1156 656 qua
1180 581 1311 650 erratur,

167 695 227 738 non
257 675 436 740 determinat
462 665 653 740 iadioiduem
677 695 852 758 personam,
883 697 944 742 nou
973 685 1019 740 est
1041 696 1126 740 error
1149 695 1309 757 personae,

166 779 220 840 sed
236 783 335 859 potius
352 780 511 860 qualitatis,
534 786 567 841 ut
588 786 613 844 si
633 785 701 862 quis
716 781 809 864 lingat
832 801 865 844 se
881 800 950 844 esse
966 787 1200 864 primogenitum
1216 780 1309 862 Regis

167 883 216 944 vel
238 887 373 959 comitis,
407 902 467 945 non
490 883 734 960 determinando,
764 887 848 968 cujus
871 890 954 968 regis
976 885 1025 946 vel
1048 889 1165 948 comitis
1189 888 1308 964 primo-

164 990 289 1069 genitus
317 991 370 1062 sit,
401 987 510 1048 semina
540 1005 579 1048 ex
608 987 658 1048 tali
686 1005 790 1052 errore
817 989 858 1051 illi
889 989 1021 1064 nubens,
1054 989 1170 1050 dioetur
1200 1003 1306 1048 errare

169 1091 248 1149 eirea
271 1087 364 1150 solam
388 1089 559 1169 qualitatem
583 1109 617 1152 ae
639 1091 764 1170 proinde
788 1095 1024 1167 matrimonium,
1056 1109 1093 1152 eo
1117 1107 1221 1152 errore
1245 1107 1308 1152 non

169 1190 316 1265 obstante,
340 1195 398 1254 erit
418 1192 558 1256 validum.
591 1193 747 1254 Rationem
770 1194 820 1256 dat
837 1194 985 1257 Sancbez:
1009 1194 1162 1272 „Persona
1186 1199 1234 1254 est
1256 1197 1311 1254 in-

167 1293 345 1354 tellectualis
374 1300 498 1357 naturae
529 1295 681 1357 individua
710 1297 889 1373 substantiam
921 1301 1015 1380 igitur
1042 1314 1129 1358 error
1158 1313 1311 1376 personae

169 1395 258 1456 debet
287 1413 355 1458 esse
384 1403 462 1458 circa
491 1399 561 1478 quid
588 1399 791 1474 individuum3
821 1405 850 1461 in
874 1419 944 1461 easu
975 1405 1074 1461 autem
1099 1399 1224 1482 regulae
1248 1418 1311 1460 non

169 1504 287 1560 erratur
309 1505 388 1561 eirea
412 1500 483 1579 quid
505 1500 692 1563 individuum
700 1522 708 1576 ;
740 1507 807 1582 quia
830 1504 943 1564 tanlirm
967 1509 1084 1564 erratur
1106 1508 1184 1564 cirea
1207 1503 1313 1581 quali-

151 1605 260 1662 'iatem
278 1605 532 1684 primogeniturae
548 1607 578 1664 in
593 1621 706 1686 genere
723 1605 946 1685 apprehensam,
959 1625 1034 1689 ergo
1048 1608 1130 1668 etc.“
1141 1607 1291 1666 Secunda
1304 1629 1314 1665 :

170 1701 200 1766 Si
223 1721 277 1782 per
300 1704 486 1782 qualitatem,
516 1709 626 1786 inqua
655 1715 786 1786 erratur,
816 1717 902 1772 certo
931 1718 959 1769 et
983 1710 1143 1772 individua
1171 1727 1314 1788 persono
1363 1757 1364 1764 ,

169 1802 344 1888 designetur
360 1811 519 1887 animoque
543 1813 738 1889 concipiatur,
762 1829 839 1892 quae
853 1816 920 1873 visu
938 1816 1018 1890 prius
1037 1816 1140 1894 ignota
1156 1817 1213 1884 est,
1236 1815 1311 1872 tune
1363 1841 1364 1848 κ

169 1925 255 1969 error
278 1907 426 1970 redundat
447 1914 478 1971 in
500 1912 695 1974 substantiam
720 1931 873 2000 personae³
898 1951 942 1961 -
963 1913 1099 1976 Breviter
1120 1934 1154 1976 ae
1177 1914 1313 1975 dilucide

170 2009 334 2072 Clericatus
363 2016 406 2072 sie
433 2017 551 2075 statuit:
589 2015 742 2091 „Attende
770 2034 891 2078 sensum
920 2019 1045 2079 duarum
1072 2005 1311 2098 propositionum

170 2117 373 2192 sequentium:
399 2114 525 2191 „Petrus
548 2119 695 2180 contrahit
717 2139 783 2181 eum
807 2117 1003 2182 haeAntonia
1027 2127 1193 2200 praesente,
1220 2141 1312 2201 quam
1345 2186 1349 2192 ,

171 2221 254 2295 putat
283 2233 350 2280 esse
381 2222 608 2302 primogenitam
632 2221 667 2284 N.
693 2221 824 2284 Comitis.
871 2221 939 2286 Alio
964 2223 1067 2288 modo:
1102 2223 1207 2286 Petrus
1231 2243 1313 2285 eon-

171 2317 289 2380 trahere
313 2319 375 2381 vult
397 2340 463 2382 eum
488 2327 687 2405 primogenita
709 2323 745 2387 N.
770 2325 903 2400 Comitis
931 2330 1034 2405 putans
1058 2343 1124 2387 eam
1149 2343 1217 2388 esse
1240 2325 1314 2387 An-

171 2425 283 2482 toniam
316 2422 363 2483 lrie
395 2429 620 2503 praesentem.“
664 2425 697 2487 ln
730 2433 826 2506 primo
859 2447 931 2490 oasu
963 2436 1009 2490 est
1040 2445 1125 2490 error
1157 2429 1313 2508 qualitatis

167 2524 352 2604 simpliciter,
376 2530 408 2586 in
431 2527 564 2589 secundo
587 2542 673 2590 error
695 2529 844 2610 qualitatis
866 2536 897 2593 in
920 2549 1076 2612 personam
1100 2531 1282 2592 redundans.

256 2626 288 2686 V.
312 2627 416 2708 Porr0,
441 2649 509 2691 eum
533 2649 581 2694 res
604 2637 643 2694 sit
666 2633 841 2714 plerumque
865 2639 953 2696 nimis
975 2637 1129 2713 intricata,
1153 2639 1177 2724 si
1202 2641 1315 2718 agatur

171 2780 376 2794 Ἣ

241 2863 367 2913 sufficeret
387 2879 419 2915 ex
437 2863 502 2914 lama
521 2865 562 2915 vel
580 2865 668 2916 auditu
688 2868 776 2916 notitia
796 2865 896 2929 babita;
919 2881 970 2916 non
990 2867 1058 2916 enirn
1077 2868 1114 2917 sie
1131 2869 1249 2934 cognitus
1267 2885 1314 2919 co-

236 2951 326 3016 gnosci
345 2964 406 3000 vere
424 2949 527 3014 dieitur3
546 2965 575 3001 ae
593 2952 699 3018 proinde
717 2951 822 3020 qualitas
841 2951 974 3014 adjuncta,
993 2959 1087 3001 certam
1106 2960 1131 3001 et
1149 2951 1308 3004 individuam

239 3047 371 3099 personam
391 3035 524 3096 denotans,
543 3039 567 3086 in
579 3054 665 3088 veram
685 3053 808 3104 personae
826 3040 995 3105 oognitionem
1015 3037 1124 3100 duceret,
1144 3045 1220 3106 atque
1240 3055 1312 3090 error

239 3119 304 3168 eirea
322 3118 389 3170 illam
408 3129 475 3171 esset
492 3124 558 3173 eirea
571 3139 713 3190 personam.
726 3153 760 3162 -
772 3124 902 3191 (insuper)
921 3123 984 3174 dixi:
1005 3139 1147 3190 personam,
1166 3140 1234 3192 quae
1245 3141 1312 3175 con-

237 3201 345 3256 trahenti
366 3207 433 3271 priua
452 3215 509 3256 nota
533 3224 582 3258 non
601 3219 655 3259 erat
678 3210 772 3278 absque
788 3210 836 3260 etta
859 3209 994 3279 qualitate.
1014 3237 1046 3248 -
1065 3209 1089 3260 Si
1118 3213 1185 3260 enim
1204 3227 1218 3260 a
1239 3214 1312 3277 prin·

237 3291 303 3356 eipio
321 3293 470 3359 cognitionis
489 3301 556 3343 esset
573 3310 643 3346 error
661 3298 686 3346 in
702 3296 820 3362 qualitate
839 3305 932 3346 certam
959 3303 984 3345 et
1003 3295 1159 3347 individuam
1174 3313 1311 3363 personam

239 3374 400 3443 designante,
425 3380 495 3446 isque
514 3396 583 3430 error
604 3379 657 3443 jam
677 3390 847 3446 permaneret,
872 3390 939 3431 esset
957 3397 1029 3432 error
1047 3384 1071 3432 in
1091 3397 1199 3449 persona
1219 3387 1311 3435 matri-

165 3514 172 3523 ,
237 3463 346 3512 monium
367 3465 481 3523 irritans,
506 3465 573 3533 quod
591 3481 682 3516 revera
701 3481 839 3518 consensus
862 3467 957 3517 direete
976 3476 1000 3517 et
1019 3468 1156 3518 formaliter
1177 3468 1265 3520 tendat
1284 3473 1310 3521 in

238 3563 386 3612 personam,
412 3557 536 3617 quatenus
555 3559 593 3600 est
612 3551 654 3600 illa
677 3567 783 3618 persona
802 3569 876 3621 quam
901 3551 934 3620 ab
952 3555 1022 3603 initio
1046 3553 1187 3604 intellectus
1213 3571 1310 3622 appre-

236 3631 331 3684 hendit.
366 3632 462 3684 Notitia
481 3637 548 3685 enim
567 3636 609 3686 illa
628 3639 693 3688 eirca
719 3653 853 3704 personam
872 3654 991 3702 erronea,
1016 3637 1127 3706 dirigens
1146 3653 1311 3702 eonsensum,

237 3717 325 3769 eadem
344 3735 447 3786 prorsus
462 3727 576 3786 tempore
587 3725 709 3774 contracti
728 3726 875 3774 uratrimonii
892 3728 1064 3791 perseverat.“
1076 3741 1101 3774 n.
1114 3725 1155 3775 at.
1175 3724 1240 3776 lline
1258 3726 1311 3777 duo

237 3818 390 3856 concurrere
408 3803 510 3865 debent,
529 3813 556 3856 ut
573 3823 643 3858 error
658 3807 783 3875 qualitatis
801 3809 925 3860 redundet
943 3812 967 3859 in
988 3825 1130 3876 personam,
1150 3810 1177 3876 l)
1192 3819 1220 3860 ut
1239 3829 1312 3863 error

237 3889 268 3938 eit
285 3888 317 3938 de
335 3891 455 3958 qualitate
476 3899 574 3942 eertum
592 3901 617 3943 et
634 3895 794 3946 indiuiduam
819 3911 953 3963 personam
978 3895 1143 3963 designante;
1167 3897 1196 3963 2)
1216 3904 1244 3948 ut
1267 3897 1311 3948 illa

237 3988 346 4042 persona
363 3980 439 4043 pram
455 3983 514 4026 nota
533 3991 584 4028 non
602 3977 677 4032 fuerit
694 3979 789 4050 adaque
806 3979 855 4033 illa
872 3980 1010 4050 qualitate.
1032 3981 1099 4032 soni.
1119 3981 1178 4038 Ges.
1197 3981 1240 4036 Ν.
