2742 4660
345 281 382 335 De
400 285 570 344 matrimonio,
588 291 714 352 maianus
733 291 771 336 est
789 279 987 336 Sacramentum.
1201 267 1239 332 13

101 440 296 520 probabiliter
317 447 406 522 atquo
428 446 589 520 asseritur,
615 445 833 504 matrimonium
862 445 892 504 in
914 440 972 502 hoc
994 459 1066 504 casu
1088 459 1238 524 nunquam

103 549 231 607 transire
260 551 291 607 in
314 545 545 609 Sacramentum.
590 545 675 607 Ratio
708 552 768 623 est,
799 550 868 627 quia
896 545 932 606 ad
961 549 1106 608 rationem
1131 545 1240 608 Sacra·

103 653 195 708 menti
226 649 361 711 elevatus
391 656 438 710 est
470 649 552 711 sotus
582 655 753 712 contractus
785 651 1010 713 matrimonialis
1040 650 1122 730 juxta
1154 649 1239 731 leges

101 752 268 831 periectas,
299 771 354 814 seu
378 753 497 815 iraditio
521 760 550 814 ει
572 756 736 832 acceptatio
761 759 861 815 mutua
883 772 1042 834 corporum
1065 752 1102 814 ad
1125 753 1239 814 indivi-

101 855 189 918 duam
213 861 292 918 vitae
321 861 508 930 societatem;
538 861 620 938 atqui
643 863 814 920 contractus
842 858 891 918 itio
915 875 975 918 non
1003 856 1034 918 m
1062 862 1131 918 actu
1159 863 1239 920 tem—

101 978 174 1039 pore
197 959 345 1038 baptismi,
370 960 422 1022 sed
441 961 504 1042 jam
526 969 613 1024 antea
637 960 735 1022 valide
759 960 854 1022 sactus
878 966 957 1034 orat,
989 959 1106 1040 quando
1130 963 1239 1022 matri-

102 1067 235 1124 monium
263 1067 294 1122 in
321 1061 495 1124 infidelitate
524 1068 628 1126 initum
653 1065 723 1140 iuit3
753 1083 828 1146 orgo
852 1070 985 1144 tempore
1015 1064 1152 1143 baptismi
1177 1081 1237 1126 non

101 1166 229 1245 amplius
252 1165 324 1226 iliud
339 1183 452 1244 ponere
475 1174 608 1246 possunt,
633 1167 712 1246 quod
736 1174 782 1229 est
799 1172 918 1250 signum
939 1166 1027 1248 hujus
1043 1167 1237 1242 Sacramenti,

100 1287 135 1328 ac
167 1267 294 1348 proinde
325 1286 380 1328 noo
412 1276 536 1348 possunt
566 1271 788 1334 Sacramentum
821 1275 965 1350 recipere.
1012 1270 1061 1334 Sic
1088 1269 1237 1350 Vosquez,

100 1369 249 1455 Coninck,
282 1371 382 1448 Pont,
415 1371 530 1446 Paiud,
556 1372 701 1452 Wiestn.,
734 1372 916 1456 Sohmalzgr.
962 1371 994 1434 hr
1026 1378 1109 1452 praxi
1139 1379 1238 1436 tamen

4 1463 6 1476 '
100 1491 169 1552 pars
193 1477 284 1534 tutior
306 1479 352 1536 est
374 1475 536 1554 sequenda,
561 1475 691 1557 ideoque
714 1480 836 1538 omnino
859 1475 1054 1554 suadendum,
1079 1482 1111 1538 ut
1133 1481 1164 1536 in
1187 1476 1237 1538 tali

99 1595 172 1640 casu
196 1595 363 1640 consensus
380 1579 606 1642 matrimonialis
622 1586 688 1660 post
708 1579 887 1659 baptismum
911 1585 1081 1642 renovetur.
1113 1577 1238 1658 insuper

99 1679 303 1742 annotandum
330 1686 385 1761 est,
406 1682 492 1764 juxta
508 1701 696 1746 communem
712 1687 890 1744 sententiam
905 1686 1125 1744 matrimonium
1140 1686 1171 1744 in
1186 1686 1239 1742 in-

99 1781 243 1844 fidelitate
265 1783 363 1844 valide
391 1791 575 1866 contractum
604 1792 634 1847 et
656 1793 894 1848 consummatum
925 1785 957 1848 fit
980 1804 1034 1865 por
1061 1785 1237 1865 baptismum
1273 1861 1279 1872 ἱ

98 1891 255 1966 utriusque
278 1889 414 1970 conjugis
438 1888 574 1952 absolute
597 1890 814 1964 indissolubile,
838 1887 982 1970 quidquid
1004 1895 1050 1952 εει
1073 1889 1110 1950 de
1127 1887 1238 1950 Sacra-

98 1996 218 2064 mento,
243 1995 353 2070 paritor
375 2010 411 2053 ac
434 1997 654 2056 matrimonium
678 2013 694 2054 a
719 1993 854 2054 fidelibus
878 1991 975 2054 valide
999 1997 1184 2054 contractum
1209 1998 1239 2052 ει

98 2097 372 2156 consummatum.“
387 2093 414 2172 ¹)

185 2196 356 2270 Quaeritur
371 2197 419 2276 40)
439 2219 510 2262 num
527 2201 683 2282 conjuges,
707 2203 732 2262 si
749 2218 804 2281 per
820 2205 973 2279 peccatum
993 2216 1086 2281 gravo
1104 2203 1134 2260 in
1151 2197 1239 2280 hujus

95 2299 281 2362 Sacramenti
315 2307 505 2384 susceptione
540 2307 665 2386 gratiam
697 2304 923 2384 irnpediverint,
959 2306 1074 2382 possint
1112 2299 1237 2362 carrdcm

93 2421 286 2484 recuperare,
311 2410 341 2468 si·
359 2406 484 2468 durante
509 2410 697 2470 matrimonio
720 2413 894 2470 removeant
916 2406 1056 2470 obicem?

185 2515 218 2587 it.
249 2507 426 2571 affirmative
449 2510 663 2590 probabiliter:
692 2509 779 2572 Ratio
808 2515 871 2586 est,
901 2512 969 2590 quia
993 2513 1115 2568 vivente
1144 2507 1237 2570 altero

92 2611 227 2692 conjugo
255 2610 479 2676 Sacramentum
508 2613 564 2676 hoc
593 2618 695 2676 iterari
724 2633 783 2677 non
814 2618 927 2694 potest,
960 2610 1013 2674 sod
1043 2613 1237 2689 recipientem

92 2717 251 2774 constituit
272 2719 303 2776 in
326 2722 405 2778 statu
428 2722 512 2797 quasi
535 2718 722 2796 immutabili,
747 2723 776 2780 et
793 2723 948 2798 propterea
973 2713 1154 2776 credendum
1176 2731 1236 2774 non

92 2823 156 2894 est,
187 2818 319 2880 votuisse
350 2819 497 2882 Christum
528 2819 583 2882 hoc
613 2821 837 2884 Sacramentum
866 2819 989 2902 indigne
1019 2819 1233 2896 suscipientem

92 2924 215 2999 privare
245 2921 323 2984 iltius
353 2923 478 2999 adoratu,
509 2923 562 2985 sed
591 2929 689 3004 potius
719 2923 971 3005 praesumendum
994 2921 1127 2984 voluisse
1157 2938 1235 2982 con·-

93 3024 216 3100 ccderc,
241 3028 265 3084 si
289 3029 344 3104 ipsi
369 3043 508 3104 capacem
532 3044 599 3088 sese
615 3027 789 3105 reddiderit,
812 3034 843 3089 et
865 3033 934 3090 ante
957 3026 1035 3086 illius
1057 3023 1235 3086 solutionem

93 3131 261 3188 removerit
283 3127 408 3189 obicem.
447 3128 587 3190 Attamen
611 3149 677 3192 curn
701 3131 775 3193 haec
798 3133 945 3193 sententia
968 3146 1029 3190 non
1053 3131 1091 3188 sit
1114 3129 1236 3190 omnino

95 3236 186 3306 certa,
213 3234 244 3290 in
263 3234 344 3312 praxi
363 3231 449 3292 valde
472 3232 666 3295 laborandum
686 3241 742 3312 est,
766 3241 798 3296 ut
816 3231 1026 3295 contrahentes
1044 3247 1104 3291 nou
1121 3234 1235 3290 tantum

94 3329 131 3394 ad
155 3332 328 3394 evitandum
352 3333 557 3417 sacrilegium,
590 3337 643 3398 sed
667 3342 755 3398 etiam
787 3336 823 3398 ad
846 3334 1063 3417 procurandam
1087 3331 1142 3395 sibi
1167 3351 1234 3394 cum

95 3435 275 3498 certitudine
299 3441 424 3519 gratiam
454 3436 528 3498 adeo
551 3445 752 3502 necessariam
782 3458 834 3521 pro
859 3444 918 3502 vita
943 3436 1171 3513 matrimoniali,
1204 3439 1234 3496 in

96 3544 174 3600 statu
197 3544 315 3621 gratiae
337 3545 439 3603 ineant
462 3547 690 3607 matrimonium.

126 3788 147 3854 ¹)
166 3789 230 3842 Hinc
249 3790 308 3840 talia
323 3792 497 3854 matrimonia,
515 3791 572 3842 licet
587 3809 637 3844 non
656 3795 706 3844 siut
718 3792 877 3844 Sacramenta
891 3794 916 3844 iu
935 3807 1010 3842 sensu
1030 3791 1124 3851 stricto,
1142 3788 1233 3840 Sacra-

164 3884 248 3927 nreuta
269 3885 352 3926 tamen
371 3880 455 3928 vocari
474 3887 579 3944 possunt
597 3881 622 3930 in
641 3895 717 3930 sensu
737 3880 826 3941 latiori,
844 3881 991 3948 inquantum
1007 3892 1097 3942 oerrrpe
1116 3873 1157 3924 illa
1176 3882 1234 3924 sunt

164 3966 290 4032 signaret
310 3979 411 4022 sacrae,
433 3966 447 4014 i.
467 3981 489 4016 e.
509 3969 610 4018 unionis
628 3969 692 4018 inter
711 3965 835 4018 Christum
855 3973 879 4014 et
890 3962 1029 4014 Ecclesiam
1048 3959 1233 4012 indissolubilis.
