2758 4664
200 197 261 280 185
562 223 602 288 o·
617 221 709 290 (anta
726 223 960 291 *consulibus
1047 241 1052 248 ·

280 386 331 454 tv.
349 387 438 453 Rima
459 408 532 453 varo
555 390 642 470 facta,
667 397 708 454 ait
730 392 838 471 Lupus,
864 389 950 456 toctle
973 380 1128 463 ornetur,
1151 385 1328 468 totidemque

196 493 305 552 arsam
333 495 366 552 in
394 490 510 575 grande
540 491 693 572 foramen,
728 499 790 558 imo
813 498 843 554 et
872 498 905 556 in
934 499 1067 574 apertam
1091 498 1227 572 portam3
1261 507 1328 554 mos

195 599 402 674 posttunpus
421 595 594 658 tmncanui
617 595 663 660 lll.
688 601 776 658 rumis
799 597 887 660 laoitc
920 602 950 658 ot
975 597 1150 676 bequenter
1172 593 1328 674 dispeusa-

195 698 256 756 tom
288 699 352 775 est,
382 697 463 760 unm
491 698 623 780 dentque
648 700 788 781 synodus
810 699 994 776 tridentina,
1017 698 1227 779 perpendens,
1251 696 1328 778 quod

195 796 382 878 fremitus
403 801 503 884 legem
526 802 657 880 solvero,
681 802 881 884 exemploque
903 803 1011 882 potius,
1039 819 1127 882 quam
1150 805 1235 864 certo
1259 818 1328 881 par-

194 917 338 967 senarum
370 919 532 985 rerumque
567 904 702 983 delecto,
742 906 912 986 petentibus
941 903 1117 986 indulgere,
1150 903 1225 976 nibil
1252 902 1329 966 atiud

194 1006 244 1080 sit,
273 1021 361 1084 quam
390 1010 551 1086 amentem
579 1008 615 1070 ad
648 1009 733 1092 leges
767 1006 1030 1092 transgrediendae
1058 1006 1170 1068 aditum
1200 1011 1328 1086 aperire,

193 1105 410 1175 recenserem
440 1114 621 1173 matrimonii
650 1116 782 1189 intenta,
813 1117 923 1174 avitam
946 1116 1061 1192 patrum
1090 1109 1277 1190 disciplinam
1298 1113 1329 1170 in

192 1208 385 1272 concedmus
406 1211 741 1296 etspemattnnasnper
761 1214 984 1295 impedimentis
1003 1212 1162 1287 reducere,
1185 1221 1329 1293 quantum

193 1311 363 1392 temporum
385 1313 518 1376 conditio
547 1317 714 1397 petiebstur
736 1319 882 1382 reducere
912 1322 1019 1380 conata
1042 1322 1088 1378 cst
1111 1315 1242 1395 ideoque
1266 1320 1331 1376 sta·

194 1414 260 1476 tntt:
279 1416 309 1493 t)
332 1420 437 1496 siquis
459 1417 537 1480 iutra
553 1420 665 1501 gindus
688 1420 853 1500 prohibitos
867 1423 999 1482 scienter
1012 1422 1235 1486 matrimonium
1254 1435 1331 1478 cen·

192 1517 309 1580 tradere
325 1527 566 1601 praesumpserit,
591 1531 765 1602 separetur,
789 1530 819 1584 et
838 1523 1020 1598 deteriori,
1044 1521 1330 1603 quimatrimonium

192 1625 282 1683 etiarn
305 1629 567 1703 consummaverit,
596 1630 662 1686 sine
685 1645 738 1705 spe
767 1626 1010 1706 dispensationis.
1057 1625 1090 1700 2)
1114 1624 1197 1686 ldcm
1221 1623 1331 1688 dicen·

192 1722 264 1784 dun
286 1723 325 1784 de
344 1743 395 1798 eo,
419 1731 469 1806 qui
492 1727 613 1809 quodem
635 1734 822 1810 ignoranter,
852 1729 906 1792 sed
929 1734 995 1790 sine
1018 1731 1161 1808 requisita
1182 1726 1331 1792 solemni-

192 1831 254 1888 tsie
283 1833 476 1890 corrtrcxerit.
523 1827 556 1903 3)
585 1829 616 1891 St
649 1849 722 1894 vero
759 1831 997 1905 solemnitatibus
1027 1831 1166 1895 adhibitis
1197 1829 1331 1908 impodi-

191 1934 326 1992 tuentum
349 1931 469 2013 aliquod
492 1937 595 2010 postea
621 1935 749 1996 subesse
779 1941 997 2017 mguoscetur,
1027 1933 1113 2013 cujus
1144 1931 1196 1992 ille
1220 1931 1332 2010 proba·

191 2030 282 2097 bilem
303 2035 504 2115 ignorantiam
534 2035 650 2109 habuit,
680 2042 750 2098 tunc
773 2036 888 2100 sedilios
918 2055 986 2100 curn
1010 2053 1059 2098 co‘
1079 2041 1108 2094 et
1139 2037 1244 2116 protis
1268 2034 1333 2096 dis-

191 2139 311 2215 pensan
327 2141 449 2216 'poterit
480 2139 516 2213 4)
533 2139 567 2199 ln
584 2140 802 2202 metendis
816 2143 1015 2202 matrimoniis
1033 2139 1082 2200 vel
1106 2138 1185 2200 nulla
1209 2141 1332 2200 omnino

192 2238 486 2320 dctnrdispen'sotio,
510 2244 559 2304 vel
575 2261 658 2326 raro3
682 2242 772 2324 idque
795 2261 835 2304 ex
849 2261 947 2320 causa,
972 2245 1115 2321 etproiis
1133 2241 1333 2314 concertatum

190 2339 227 2416 b)
249 2340 282 2404 ln
305 2343 437 2405 seeundo
469 2345 564 2427 modu
595 2363 747 2426 nunquam
776 2344 983 2425 dispensetur,
1014 2351 1071 2408 nisi
1101 2350 1181 2409 inter
1204 2363 1333 2428 magnos

190 2437 341 2526 prinsipes
370 2453 401 2507 et
429 2449 467 2510 ob
495 2449 642 2527 publicam
680 2448 845 2522 musem¹).
901 2449 960 2511 Sed
990 2453 1130 2528 iniquitas
1161 2455 1334 2526 temporum

189 2547 389 2628 impediebat,
427 2555 586 2630 quominus
619 2552 774 2632 discipline
804 2553 958 2622 salutaris.
998 2571 1087 2634 quam
1122 2551 1180 2612 bec
1210 2545 1335 2612 decreto

189 2651 299 2713 Patres·
314 2651 438 2714 Conciti
463 2654 626 2716 Tridentini
655 2657 884 2738 religiosissime
917 2660 1086 2718 restaurare
1119 2657 1220 2716 conati
1255 2659 1333 2729 sunt,

193 2771 245 2834 per
272 2755 485 2835 subsequentia
514 2757 633 2818 saeculis
662 2777 760 2839 usque
788 2759 827 2821 ed
856 2757 1033 2821 hodiernum
1063 2756 1143 2818 diem
1171 2755 1334 2818 incolumis

189 2863 292 2939 posset
320 2864 516 2938 praeservari.
553 2859 620 2922 lam
641 2860 713 2926 Pius
729 2861 788 2939 tv,
811 2863 891 2924 idern
914 2859 1062 2934 Pontifex,
1085 2863 1135 2939 qui
1157 2857 1335 2938 Apostolieo

190 2961 405 3042 approbatione
428 2968 493 3024 ecta
508 2961 634 3023 Concilii
651 2965 817 3027 Tridentini
840 2964 1038 3040 confirmavit,
1065 2963 1122 3025 hoc
1144 2961 1334 3041 praevidisse

190 3063 324 3142 videtur,
356 3065 510 3126 declarans
539 3063 659 3149 quidem
691 3073 723 3128 in
751 3073 887 3129 oratione
916 3065 1014 3129 habita
1045 3065 1082 3127 ad
1105 3063 1282 3126 cardinales
1304 3069 1334 3124 in

192 3165 382 3231 Consistorio,
400 3179 470 3250 post!
491 3173 681 3230 terminatum
705 3169 871 3234 Concilium
895 3170 974 3232 Trid.
1002 3187 1059 3248 „se
1083 3161 1249 3248 nunquam*
1263 3185 1335 3246 pas-

191 3289 292 3337 surum
310 3288 391 3344 ,esse
423 3260 552 3334 decretis
583 3271 708 3337 Consilii
748 3274 808 3336 ullo
843 3279 977 3354 tempere
1008 3272 1191 3353 derogari‘,
1224 3269 1334 3332 additis

190 3379 291 3438 muron
314 3376 403 3438 simul
425 3373 472 3440 luis
495 3375 610 3438 verbis:
645 3375 781 3453 „Quodsi
805 3377 853 3438 vet
876 3382 1045 3456 temporum
1069 3378 1158 3449 mtto,
1184 3373 1235 3434 vet
1259 3392 1334 3434 cau-

191 3477 517 3558 ssrum=·loeorumque
542 3479 699 3556 conditio,
732 3486 782 3541 aut
813 3479 930 3560 publica
961 3479 1073 3542 utilitas
1094 3482 1184 3557 atque
1207 3475 1334 3538 evidere

190 3583 330 3645 suaserit
359 3581 524 3662 aliquando
555 3601 576 3644 a
600 3581 736 3644 &acilio
758 3583 876 3661 racemi,
907 3579 938 3641 td
966 3584 1032 3642 sine
1064 3580 1195 3642 consuo
1218 3585 1332 3656 vestro,

259 3838 371 3888 emulum
396 3836 560 3887 eeclesiarum
583 3837 757 3887 detonsionem
778 3853 808 3887 ac
831 3839 1027 3903 resumptionem
1049 3838 1114 3886 sacri
1136 3835 1225 3894 tette‘,
1264 3835 1332 3887 Van·

259 3923 400 3991 Espouudc
415 3922 526 3990 dispens.
543 3937 565 3974 c.
585 3923 607 3975 i.
621 3926 646 3988 §.
658 3925 683 3974 7.
918 3973 919 3978 ,

168 3989 180 4004 ⁴
201 4021 204 4035 ¹
220 4011 244 4081 ¹)
261 4009 340 4062 (luno.
358 4007 425 4063 istd
436 4021 498 4061 sess.
513 4008 554 4060 24.
567 4023 589 4061 c.
604 4011 629 4070 5,
646 4021 708 4061 sets.
722 4009 765 4059 io.
778 4023 806 4058 c.
822 4007 848 4066 8.
