2758 4664
438 213 475 272 lle
493 215 581 274 Gensis
600 215 832 274 matrimonialibus.
1139 201 1203 272 2⁴13

68 399 122 446 seu
145 379 175 446 S.
199 380 371 446 Pontificem
401 381 500 442 taliter
522 397 611 460 posse
634 379 808 460 dispensare
831 378 929 460 quoad
951 382 1050 442 omnia
1073 378 1204 460 impedi-

69 490 167 548 menta
190 485 385 548 ecclesiastici
405 484 494 564 juris,
519 488 580 545 est:
608 482 638 556 1)
661 480 811 565 Obligatto
833 499 1014 548 consensum
1038 481 1204 546 renovandi

66 591 97 650 iu
121 587 273 650 ordinaria
295 587 518 666 dispensatione
542 583 676 666 procedit
699 605 716 646 a
739 586 801 648 sola
822 587 901 666 juris
924 585 1120 648 ecclesiastici
1137 585 1205 648 dis-

67 695 236 771 positione,
267 707 374 770 nempe
397 687 434 752 ad
457 686 582 750 effectus
605 693 784 750 sacramenti
812 706 892 752 novo
921 706 1070 752 consensu
1093 693 1204 751 certius

66 793 234 871 obtinendi,
258 793 346 854 etad
369 808 475 854 omines
498 795 665 854 anxietates
678 798 782 871 postea
805 792 1020 868 removendas3
1042 791 1112 854 hinc
1127 790 1204 854 haec

67 897 214 980 obligatio
237 899 355 976 penitus
377 900 474 974 potest
499 894 561 957 tolli
585 894 621 956 ab
644 894 748 956 eadem
767 900 944 958 auctoritate
967 915 1007 958 ex
1030 900 1150 981 urgenti
1173 903 1205 958 et

67 1003 247 1082 gravissima
278 1017 376 1061 causa.
415 996 452 1074 2)
484 997 599 1058 Dicitur
626 994 682 1057 hac
713 996 936 1076 dispensatione
967 999 1031 1062 tolli
1066 997 1205 1062 ellectum

67 1101 274 1182 impedimenti
293 1121 346 1182 pro
370 1107 503 1180 tempore
522 1104 694 1178 praeterito,
719 1118 779 1162 nou
798 1104 828 1162 in
844 1099 900 1164 hoc
916 1119 1018 1178 seusu,
1041 1109 1074 1164 ut
1095 1102 1206 1166 alliciat

67 1209 292 1268 matrimonium
324 1203 362 1266 ob
391 1203 640 1284 impedimentum
663 1223 680 1266 a
702 1207 847 1284 principio
877 1204 998 1266 uulliter
1020 1212 1205 1269 contractum

67 1327 129 1370 nou
153 1312 194 1369 ita
217 1315 400 1370 contractum
424 1307 532 1382 luisse,
563 1305 616 1366 sed
640 1304 766 1368 ellectus
787 1306 854 1369 illos
877 1306 1037 1370 demedio
1060 1310 1203 1389 tollendo,

67 1414 130 1488 qui,
155 1410 193 1472 ob
214 1409 384 1492 hujusmodi
409 1412 588 1472 matrimonii
613 1409 794 1488 nullitatem,
822 1416 891 1474 aute
914 1411 1057 1474 indultam
1080 1413 1206 1494 dispeu-

66 1517 227 1590 sationem,
251 1532 286 1576 ac
308 1517 396 1576 etiam
420 1517 451 1574 in
474 1516 537 1592 ipso
561 1510 755 1574 contrahendi
778 1517 957 1577 matrimonii
980 1521 1049 1578 actu
1071 1516 1206 1596 producit

67 1616 192 1678 inerunt
203 1613 227 1690 ¹)
259 1622 301 1690 (v.
335 1635 364 1698 g.
399 1615 619 1698 legitimitatem
652 1612 720 1676 liliis
751 1614 933 1679 ‘conferendo
968 1622 998 1680 in
1033 1619 1138 1684 ordine
1169 1619 1207 1688 ad

66 1718 197 1780 effectus
219 1718 388 1798 spirituales
419 1724 449 1778 et
479 1721 569 1778 etiam
600 1718 810 1796 temporales),
841 1723 883 1780 ita
913 1727 945 1782 ut
975 1739 1075 1784 coram
1097 1721 1208 1784 Eccle-

64 1826 112 1884 sia
145 1820 326 1904 habeantur,
360 1825 443 1902 quasi
484 1838 633 1900 nunquam
662 1827 825 1883 extiterint.
871 1821 903 1882 lu
926 1821 972 1886 his
1003 1830 1102 1888 autem
1136 1825 1209 1888 nibil

71 1929 137 2000 est,
183 1922 263 2004 quod
305 1928 482 2003 potestatem
514 1927 622 1986 summi
662 1925 842 2007 legislatoris
880 1929 911 1987 in
939 1926 1074 1990 Ecclesia
1113 1947 1209 1992 exce-

65 2023 164 2101 dat2).
223 2023 256 2100 3)
293 2027 367 2099 eria
402 2033 520 2089 constat
553 2045 592 2086 ex
625 2032 710 2106 praxi
742 2027 902 2106 Ecclesia,
943 2049 1021 2111 quae
1050 2049 1067 2092 a
1109 2031 1209 2113 pluri-

67 2129 126 2192 bus
159 2129 287 2191 saeculis
319 2130 394 2191 tales
426 2119 665 2211 dispensationes
692 2130 860 2192 concedere
883 2138 1048 2196 consuevit.
1093 2135 1209 2200 Primus

67 2237 115 2295 sic
158 2231 348 2312 dispensasse
390 2231 501 2314 legitur
540 2232 711 2296 Bonilazius
745 2231 818 2296 Vlll.
864 2253 943 2296 anuo
989 2233 1093 2313 1301;
1130 2237 1210 2300 Gre-
1270 2310 1271 2314 Ἰ

67 2337 177 2416 gorius
199 2333 277 2396 Xlll.
311 2333 431 2414 quidem
462 2334 592 2398 refertur
623 2337 812 2398 consimilem
847 2337 1100 2418 dispensationem
1132 2361 1210 2406 con-

71 2435 185 2498 cedere
209 2437 356 2515 uoluisse,
379 2443 411 2498 et
434 2441 523 2500 etiam
547 2437 715 2517 addidisse,
748 2456 782 2500 se
805 2457 865 2502 non
887 2459 976 2520 posse
999 2441 1107 2506 dictam
1131 2464 1211 2508 con-

69 2539 184 2602 cedere
217 2539 485 2620 dispensationem3
516 2541 570 2604 sed
592 2541 762 2620 Narenos,
786 2542 932 2622 Barbosa,
957 2544 1109 2608 Benedict.
1134 2547 1209 2612 XIV.

69 2644 195 2720 dicunt,
218 2648 269 2704 aut
291 2643 346 2705 hoc
369 2643 480 2705 dictum
505 2645 532 2708 S.
557 2643 708 2707 Pontificis
738 2649 782 2706 sic
803 2645 1033 2730 intelligendum
1056 2668 1142 2729 esse,
1177 2669 1212 2714 se

71 2748 171 2810 dictas
194 2745 434 2826 dispensationes
457 2746 625 2810 concedere
648 2764 709 2809 non
732 2765 839 2828 posse,
869 2753 926 2810 nisi
950 2767 1058 2834 magna
1082 2759 1212 2838 urgente

72 2911 280 2920 --.-—-—-—--.

100 2985 122 3050 ¹)
142 2981 271 3034 benedict.
290 2977 355 3030 xiv.
374 2976 468 3043 Spnod.
487 2975 567 3028 dioec.
587 2977 602 3027 l.
622 2993 643 3027 c.
662 2993 686 3028 ιι.
707 2980 729 3028 7.

97 3071 121 3136 ²)
141 3067 247 3120 Corrad.
264 3067 280 3118 l.
299 3083 321 3118 c.
340 3062 421 3129 „Cum
442 3063 598 3115 §.Pontifex
620 3080 666 3115 sna
689 3063 874 3130 dispensatione
901 3068 926 3116 in
950 3067 1036 3120 radice
1061 3071 1213 3130 matrimonii

142 3155 214 3207 tollat
232 3153 326 3206 directe
336 3153 479 3204 tirmitatem
498 3149 563 3202 illius
581 3149 645 3217 legis
657 3149 850 3211 ecclesiasticae,
871 3167 1088 3222 eamqueprorsus
1105 3155 1213 3221 aboleat,

143 3240 249 3308 perinde
267 3249 320 3303 est,
344 3256 374 3291 ao
392 3241 412 3290 si
436 3238 476 3289 lex
494 3237 535 3288 illa
559 3252 686 3306 nunquam
711 3246 854 3290 emanasset
878 3253 908 3288 ac
926 3239 1018 3292 efficiet
1036 3241 1171 3306 indirecte,
1189 3251 1214 3294 et

143 3343 190 3394 per
207 3327 333 3394 qrraudam
351 3327 573 3394 consequentiam,
593 3333 620 3375 ut
637 3341 667 3376 ea
686 3324 769 3376 omnia
788 3322 881 3375 damna
900 3336 1012 3390 cessent,
1030 3335 1129 3394 utpote,
1148 3343 1214 3396 quae

144 3429 176 3464 ex
194 3411 258 3482 legis
276 3413 467 3474 Ecclesiasticus
485 3410 600 3461 firmitate
618 3410 761 3478 pendebant
780 3448 785 3461 .
806 3449 812 3462 .
833 3448 839 3460 .

180 3499 302 3552 Sanebea.
322 3499 339 3550 l.
358 3499 382 3549 8.
400 3498 464 3564 disp.
483 3499 507 3548 7,
526 3513 550 3549 n.
568 3497 593 3547 1.
625 3495 738 3548 Pontifex
762 3505 843 3565 potest
867 3513 937 3549 suam
962 3497 1043 3565 legem
1069 3499 1166 3549 irritare
1190 3505 1214 3550 et

145 3601 266 3638 revocare
283 3585 366 3655 quoad
392 3581 495 3636 allectus
515 3581 574 3647 jura
602 3581 714 3633 humano
738 3599 768 3636 ex
796 3599 826 3634 ea
852 3591 967 3644 secutos,
992 3592 1018 3635 et
1042 3599 1092 3634 non
1116 3593 1214 3636 tantum

144 3670 230 3742 quoad
247 3673 273 3722 in
291 3680 419 3740 posterum
439 3668 612 3732 incurrendos,
625 3669 759 3720 efficiendo
777 3678 873 3720 utnon
892 3671 1058 3733 incurrantur,
1076 3669 1215 3722 sedetiam

147 3757 232 3828 quoad
245 3758 299 3824 jam
318 3760 442 3819 incursos,
461 3754 583 3806 obolenda
602 3755 672 3818 illos,
697 3771 727 3805 ac
745 3758 765 3806 si
784 3771 814 3808 ea
832 3756 872 3807 lex
889 3755 954 3807 edita
973 3771 1101 3825 nunquam
1119 3755 1217 3820 luisset,

146 3854 174 3896 ut
191 3852 290 3896 constat
307 3860 338 3895 ex
356 3841 435 3895 Clem.
454 3857 496 3893 au.
516 3839 547 3891 de
571 3843 692 3893 immunit.
703 3841 772 3892 Eccl.
790 3840 832 3893 ubi
844 3840 962 3894 Clemens
969 3841 999 3894 V.
1017 3850 1120 3895 revocat
1137 3857 1216 3912 quas-

147 3929 206 3982 dam
235 3929 458 3998 praedeceseorum
484 3929 690 3992 constitutiones,
721 3930 795 3979 etiam
824 3927 909 3996 quoad
941 3926 1044 3980 effectus
1071 3936 1144 3980 autea
1174 3928 1216 3978 in-

147 4019 263 4074 curtos.“

978 4099 1037 4168 16*
1124 4112 1126 4120 '
