2746 4646
322 207 359 264 ue
375 211 561 280 impedimentis
578 212 764 264 matrimonium
781 207 963 264 dirimentibus.
1163 193 1223 262 153

167 365 215 431 iii.
242 365 406 449 Apiados,
438 387 515 451 quae
536 368 783 451 impedimentum
807 385 846 429 ex
868 367 1002 432 Concilio
1024 367 1221 431 Lateranensi

45 557 50 562 Ι
76 475 253 552 coustituit,
277 475 372 536 oritur
393 477 507 535 tunium
530 477 610 534 inter
632 455 879 551 consonpaioeo‘s
901 475 959 533 viri
966 517 976 548 ,
1007 476 1058 552 qui
1080 477 1223 556 cognovit

76 576 249 654 mulierem,
274 580 304 638 et
326 576 483 637 mulierem
506 579 659 656 copatione
681 577 801 656 ipsumJ
822 580 853 635 et
874 577 954 637 inter
977 578 1223 656 consonpuioecr

78 677 218 742 mulieris
240 683 379 763 cognitae
410 685 440 741 et
461 681 564 741 cirum
586 681 707 759 ipsum,
725 681 787 758 ⁴qui
811 681 969 762 cognovit3
1000 677 1068 740 hino
1098 675 1223 742 affinitas

46 757 142 845 ¹non
165 785 242 862 parit
271 781 453 845 affinitatem.
500 781 615 844 Gradus
647 780 767 860 quidem
797 785 828 843 in
851 779 995 844 affinitate
1018 785 1139 862 proprie
1162 799 1222 843 non
1290 815 1294 820 -

78 885 400 964 dantur,vocohu1um
424 891 524 946 tamen
547 884 626 946 istud
649 888 738 946 etiam
761 884 917 946 transferri
940 884 1017 947 sciet
1039 881 1222 946 adadmita-
1261 885 1266 892 '

77 993 146 1050 tem-
164 992 223 1067 iia,
256 993 288 1050 ut
305 989 391 1072 juria
422 987 590 1051 distantiam
623 987 770 1071 graduum
801 991 1070 1072 consanguinitatis
1093 1006 1220 1068 compu-
1285 1033 1288 1042 .

63 1095 182 1156 tentur
203 1089 414 1153 etiamdiversi
438 1090 549 1173 gradus
571 1089 733 1153 affinitatis.
767 1089 843 1151 Hinc
865 1091 1000 1173 generaii
1024 1107 1080 1154 usu
1100 1097 1223 1172 recepta

81 1197 128 1255 esi
152 1191 225 1254 haec
248 1197 334 1256 unica
367 1193 432 1256 iere
454 1193 579 1278 regula:
612 1193 700 1258 Solus
730 1196 854 1255 maritus
877 1191 1030 1257 titudinis
1053 1213 1123 1256 cum
1147 1212 1223 1259 con-

78 1300 255 1380 sanguineis
286 1300 391 1359 uxoris
421 1303 451 1358 et
483 1296 604 1378 quidem
634 1301 666 1358 in
688 1316 725 1360 eo
748 1295 861 1381 gradu,
891 1314 951 1377 quc
979 1304 1049 1361 sunt
1070 1298 1221 1380 conjuncti

78 1403 184 1474 uxori3
218 1418 254 1462 ac
276 1403 409 1462 vicissim
438 1399 502 1461 sola
532 1416 609 1462 uxor
631 1399 664 1461 hi
685 1397 783 1463 odinis
815 1419 882 1464 cum
913 1405 1148 1486 consanguineis
1176 1405 1222 1463 sui

78 1508 178 1566 mariti
201 1507 233 1566 in
255 1521 293 1566 eo
316 1500 421 1588 gradu,
447 1507 656 1583 quomaritum
679 1507 827 1586 sanguine
850 1509 1019 1587 attingunt3
1042 1503 1122 1567 unde
1145 1521 1223 1582 com,

77 1609 239 1691 sanguinei
253 1609 350 1668 mariti
374 1609 404 1666 et
426 1609 531 1668 uxoris
553 1609 633 1666 inter
654 1623 688 1666 se
705 1605 817 1670 nuliam
840 1605 1015 1671 affinitatem
1033 1605 1222 1685 contrahunt,
1315 1682 1318 1687 ι

78 1729 147 1772 oum
171 1709 301 1773 afliniias
324 1725 384 1771 non
406 1711 501 1789 pariet
524 1707 709 1770 affinitatem.
752 1701 855 1791 ltaque

169 1812 202 1885 1)
235 1813 360 1874 Licitani
383 1815 414 1870 et
436 1809 566 1871 validum
590 1813 647 1872 erit
669 1816 900 1892 matrimonium,
924 1813 1004 1894 quod
1027 1812 1086 1877 duo
1114 1811 1223 1876 iratres

78 1931 148 1976 cum
172 1913 286 1976 duabus
318 1913 489 1993 sororibus,
522 1913 571 1975 rei
594 1932 699 1977 eorum
722 1933 800 1979 unus
827 1935 895 1978 cum
919 1923 1030 1997 matre,
1059 1917 1133 1979 alter
1155 1933 1223 1978 cum

77 2017 227 2080 hiiainit.

167 2119 202 2199 2)
234 2118 321 2182 Pater
343 2126 374 2180 et
397 2119 475 2182 iilius
498 2139 566 2183 cum
589 2125 684 2184 matre
707 2125 737 2184 ei
759 2121 830 2202 fitia,
853 2127 1010 2207 privignus
1024 2141 1092 2186 cum
1116 2125 1220 2198 maire,

78 2221 140 2284 fiha
163 2228 215 2285 aut
236 2239 341 2286 sorore
364 2241 523 2302 novercae,
549 2229 579 2284 et
603 2227 740 2310 privigne
763 2245 830 2288 cum
855 2231 949 2306 patre,
972 2225 1035 2288 iiio
1057 2231 1108 2288 aut
1131 2225 1223 2286 tratre

78 2327 180 2386 vitrici
203 2323 381 2388 contrahere
404 2332 538 2406 possunt.

167 2425 202 2503 3)
244 2422 312 2491 Non
348 2433 446 2491 minus
484 2429 620 2514 legitimo
661 2430 804 2514 conjugio
843 2429 1020 2511 copulantur
1059 2430 1159 2492 iratris
1193 2435 1224 2490 et

78 2535 194 2594 sororis
222 2530 446 2595 demortuorum
474 2537 652 2613 superstites
680 2533 839 2616 conjuges,
871 2531 950 2594 fitius
973 2537 1071 2594 mariti
1102 2537 1131 2592 ei
1163 2529 1222 2594 filia

79 2638 186 2696 uxoris
209 2651 248 2695 ex
270 2635 420 2718 conjugiis
442 2639 511 2697 ante
534 2654 602 2698 cum
626 2635 682 2697 alia
705 2635 803 2698 aliove
825 2639 907 2698 initis
930 2639 1088 2716 procreati.
1107 2629 1112 2636 ’

166 2729 202 2816 4)
241 2737 354 2800 Rursus
384 2738 482 2800 valida
514 2745 584 2801 suut
616 2743 803 2803 matrimonia
839 2743 1011 2802 successive
1047 2742 1120 2800 inita
1154 2755 1222 2800 cum

78 2839 196 2904 duabus
218 2841 333 2920 viduis,
363 2859 487 2922 quarum
510 2841 643 2905 defuncti
672 2847 769 2906 mariti
793 2848 878 2905 erant
900 2842 1007 2905 fratres
1037 2843 1174 2927 germani
1185 2839 1223 2918 ¹).

103 3043 129 3111 ¹)
147 3043 264 3097 instruct.
284 3052 346 3114 pust.
365 3043 434 3112 itys
453 3045 547 3114 pmrcc
565 3045 695 3100 Benedici
706 3047 770 3100 xiv.
789 3047 821 3099 de
839 3045 927 3114 synod.
945 3045 1028 3098 dioec.
1047 3044 1089 3097 lib.
1104 3045 1127 3097 9.
1147 3061 1169 3097 c.
1184 3043 1224 3098 1³.

119 3129 176 3182 Si
193 3129 225 3180 de
244 3129 365 3184 uibniiaie
382 3133 448 3182 inter
466 3132 644 3186 contrahentes
662 3134 796 3196 dubitetur,
817 3135 899 3201 primo
917 3141 1065 3202 quaeratur,
1085 3139 1167 3184 utrum
1187 3129 1223 3182 iiii

149 3224 224 3268 entes
237 3219 393 3270 matrimonio
407 3217 490 3284 juncti
509 3220 615 3286 iueriut;
634 3222 654 3272 si
673 3223 740 3274 enim
758 3229 849 3272 neuter
866 3219 959 3272 exiliis
974 3218 1124 3287 conjugatus
1142 3218 1224 3270 iuerat

149 3309 239 3364 anna,
258 3312 353 3354 certum
372 3312 424 3368 est,
446 3307 584 3361 interillos
608 3307 754 3358 affinitatem
772 3307 911 3376 legitimam
936 3307 1043 3356 existere
1062 3319 1113 3354 nou
1132 3318 1224 3370 posse;

149 3389 209 3440 hinc
228 3389 340 3440 secundo
364 3391 541 3460 iuqussrendum
565 3401 604 3444 est
628 3394 654 3443 in
681 3394 734 3444 iero
753 3400 858 3442 externe
881 3405 926 3442 seu
950 3392 1049 3442 interno
1077 3387 1109 3443 de
1132 3388 1223 3456 copula

151 3475 238 3526 illicita
257 3474 289 3526 sb
313 3491 364 3526 uuo
382 3474 422 3527 vel
448 3485 553 3545 utroque
578 3487 652 3530 antea
670 3477 770 3542 habita;
795 3479 816 3528 si
839 3493 871 3528 ex
888 3484 993 3544 utraque
1017 3482 1089 3541 parte
1108 3481 1223 3543 negetur,

148 3559 246 3613 certum
265 3567 311 3625 est,
330 3561 476 3612 affinitatem
496 3562 651 3633 illegitimam
666 3579 717 3614 non
736 3563 814 3614 fuisse
832 3569 999 3625 contractam
1018 3562 1040 3610 si
1056 3567 1140 3611 nutem
1160 3575 1223 3610 cou-

148 3645 290 3708 tmbeutes,
316 3660 382 3698 uuus
400 3647 443 3700 vei
466 3657 587 3719 uterque,
615 3649 733 3717 copulam
753 3657 826 3700 autea
845 3647 926 3708 licite,
945 3647 987 3699 vei
1008 3645 1095 3698 illicite
1113 3643 1223 3696 habitum

149 3719 316 3786 confiteantur
333 3736 408 3786 tertio
429 3734 605 3804 inquirendum
625 3737 683 3795 erit,
709 3750 769 3784 uum
793 3749 1050 3803 persona,1quacum
1077 3730 1168 3799 copula
1187 3738 1224 3782 est

149 3818 236 3870 habita
261 3822 325 3872 iutra
350 3820 390 3874 vei
409 3829 479 3872 extra
504 3823 690 3873 matrimonium
714 3814 903 3890 consanguines
921 3818 996 3871 tuerit
1019 3835 1076 3872 curn
1095 3816 1174 3869 altero
1192 3833 1223 3868 ex

149 3905 361 3968 contrahentibus,
383 3914 407 3958 et
426 3908 451 3958 iu
470 3916 546 3976 quoio
563 3907 656 3976 gradu:
676 3914 701 3958 et
719 3905 830 3974 patebit,
858 3915 939 3956 utrum
967 3903 1173 3970 impedimentum
1192 3921 1223 3956 ex

150 3989 270 4044 affinitate
288 3992 370 4046 obstet
387 4009 477 4051 necue.
512 3991 653 4065 haymone.
671 3992 749 4048 Dens.
766 4021 800 4033 —-
820 3991 893 4052 Geni.
912 3989 971 4050 cas.
989 3988 1091 4047 xxiiii.
1108 3987 1214 4045 xxxiii
