2746 4646
297 231 334 284 lie
352 233 537 302 impedimentis
556 235 741 286 matrimoiuum
761 233 945 291 dirimentibus.
1148 218 1189 285 81

51 390 170 470 quaudo
201 394 340 468 materia,
372 409 461 470 quam
489 398 574 454 actus
601 396 735 474 attingit,
765 390 896 454 alterius
924 391 1113 472 dispositioni
1142 391 1192 452 nel

55 491 235 572 disponendi
259 497 396 570 potestati
420 493 553 574 subjecta
575 501 636 570 est,
669 495 819 576 quomodo
841 513 891 558 ras
915 495 1094 576 temporales
1116 495 1192 560 sub·

51 595 181 656 diturum
206 613 265 656 non
288 594 435 673 dominio,
468 595 522 658 sed
544 601 670 677 imperio
693 604 724 658 et
746 602 885 680 potestati
913 602 1087 679 imperantis
1117 598 1193 662 sub-

47 700 149 779 jectae
172 704 250 761 sunt.
301 727 304 732 ·

138 800 189 864 lll.
211 801 257 862 De
279 799 334 862 hac
356 803 531 880 irritatione,
556 821 633 882 quae
654 803 689 866 lit
715 821 769 883 per
792 804 876 888 leges
904 807 1046 884 positivas
1069 807 1193 884 insuper

52 903 206 980 notandae
228 907 299 966 sunt
320 902 377 964 hae
401 909 577 984 praecipuae
600 907 741 988 regulae:
768 903 802 978 1)
825 907 873 968 Uti
896 907 946 969 lex
969 905 1129 988 prohibens
1143 906 1192 968 vel

53 1011 239 1086 praecipiens
269 1011 429 1090 utrumque
452 1004 548 1068 torum
573 1007 681 1087 afficit,
713 1013 756 1072 sic
779 1014 868 1079 etjam
898 1010 948 1072 lex
976 1013 1108 1074 irritans
1130 1029 1191 1073 non

52 1109 142 1173 modo
166 1126 219 1187 pro
243 1108 308 1172 loro
331 1115 475 1186 externo,
498 1109 662 1173 sedetiam
686 1116 822 1192 interno,
854 1117 873 1176 i.
898 1131 925 1176 e.
949 1131 1002 1192 pro
1027 1113 1091 1176 loro
1114 1133 1191 1176 con-

53 1215 199 1272 scientiae
226 1211 321 1285 nalet3
350 1230 448 1291 neque
477 1210 602 1276 effectus
619 1213 687 1282 ,lori
718 1218 827 1278 interni
859 1221 889 1276 et
915 1219 1032 1278 externi
1060 1222 1191 1298 spectata

53 1319 203 1394 potestate
233 1314 413 1396 legislatoris
437 1318 501 1376 siva
528 1320 635 1378 summi
658 1321 776 1397 imperii
804 1325 834 1378 et
857 1322 886 1380 vi
913 1319 1013 1400 justae
1037 1320 1114 1402 legis
1132 1339 1192 1400 per

53 1437 87 1478 se
114 1417 227 1479 diversi
256 1422 287 1478 et
308 1416 489 1495 separabiles
518 1424 598 1491 suut.
644 1420 679 1491 2,)
709 1419 892 1500 Perspicacia
914 1427 1022 1505 „tamen
1050 1439 1123 1500 opus
1146 1426 1193 1484 est

54 1526 86 1580 in
109 1519 304 1599 expendenda
328 1519 397 1602 lege
420 1523 566 1599 irritante,
590 1527 622 1582 ut
644 1528 784 1601 appareat
806 1524 881 1602 qaid
897 1523 1034 1604 disponat
1057 1530 1087 1585 et
1109 1544 1192 1606 qua·

54 1629 143 1682 tenos
164 1621 296 1683 valorem
321 1625 404 1684 actus
428 1621 522 1696 tollat3
546 1629 661 1685 constat
684 1628 763 1684 enim
787 1624 887 1702 plures
909 1623 1033 1688 aflectus
1056 1643 1194 1707 quorun-

54 1725 119 1786 dam
152 1732 272 1786 actuum
302 1729 436 1804 proprios
465 1741 548 1802 esse,
580 1743 706 1806 quorum
736 1726 826 1806 aliqui
857 1728 958 1789 divino
986 1729 1034 1789 vel
1066 1729 1192 1792 naturali

51 1829 139 1908 jure,
170 1829 218 1888 alii
242 1825 372 1888 humano
402 1827 508 1894 iisdem
532 1829 663 1895 attributi
690 1835 769 1892 sunt.
814 1828 899 1892 Unde
922 1829 987 1890 lieri
1015 1836 1130 1910 potest,
1162 1839 1194 1892 ut

55 1932 104 2004 lex
135 1935 255 1992 irritans
278 1929 466 1992 considerato
499 1935 602 1992 tenore
626 1950 661 1992 ac
684 1931 743 1992 line
766 1949 821 1994 suo
850 1932 965 2012 aliquos
993 1931 1117 1996 allectus
1140 1951 1194 2013 pro

56 2039 146 2094 certis
169 2011 316 2112 adjunctis
340 2032 437 2109 tollat,
471 2029 545 2094 alios
567 2037 690 2096 omnino
718 2037 845 2094 intactos
869 2035 1026 2115 relinquat.
1072 2034 1108 2112 3)
1131 2035 1195 2097 Lex

54 2141 175 2200 irritans
199 2135 313 2196 directe
335 2135 384 2195 vel
406 2133 553 2194 indirecte
569 2139 628 2194 vim
653 2153 737 2196 suam
761 2136 884 2211 retinet,
902 2140 957 2197 etsi
980 2139 1194 2200 invincibiliter

55 2241 224 2318 ignoretur,
248 2244 298 2298 aut
320 2241 486 2298 necessitas
510 2235 618 2320 agendi
641 2243 849 2318 superveniat3
880 2259 978 2320 neque
1002 2244 1080 2302 enim
1103 2245 1197 2323 igno-

56 2345 172 2427 rantia,
190 2347 240 2426 ant
263 2343 426 2402 necessitas
445 2345 622 2420 potestatem
646 2340 755 2426 agendi
775 2341 901 2418 confert,
926 2359 1002 2421 quae
1026 2343 1195 2426 perlegam

56 2447 224 2504 irritantem
238 2443 363 2522 *sublata
386 2449 441 2520 est,
467 2461 523 2503 nec
546 2440 670 2504 sormam
694 2441 744 2504 dat
766 2448 855 2522 actui,
879 2456 955 2524 quae
979 2462 1031 2524 per
1048 2445 1196 2525 ejusmodi

56 2545 157 2628 legem
182 2550 361 2626 praescripta
384 2545 500 2633 eslf),

143 2643 191 2708 lV.
223 2648 275 2710 His
306 2651 458 2728 principiis
487 2651 651 2710 contractui
682 2649 890 2710 matrimoniali
921 2646 1077 2730 applicatio
1099 2653 1194 2730 patet:
1270 2719 1272 2724 ,

62 2751 93 2838 l)
115 2770 177 2814 non
201 2751 289 2814 modo
309 2741 382 2830 Deo,
407 2749 487 2832 quod
510 2769 599 2812 nemo
623 2755 725 2832 negat,
749 2749 803 2811 sed
827 2755 914 2814 etiam
932 2749 1085 2814 Ecclesiae
1108 2771 1195 2814 com-

57 2860 162 2936 petere
193 2859 368 2934 potestatem
399 2853 483 2938 leges
504 2855 666 2934 ,irritantes
689 2852 726 2913 de
750 2857 937 2915 matrimonio
968 2854 1134 2932 condendi,
1165 2857 1196 2916 et

58 2955 180 3034 quidem
205 2975 243 3017 ex
267 2957 377 3036 duplici
401 2975 506 3033 causa,
536 2959 571 3042 a)¹
590 2959 658 3036 quia
682 2959 901 3021 matrimonium
925 2961 1003 3018 inter
1024 2953 1128 3022 fideles
1151 2963 1197 3020 est

56 3059 168 3138 aliquid
193 3061 355 3140 spirituale,
372 3057 481 3140 ¹quoad
504 3055 669 3136 spiritualia
692 3063 792 3120 autem
816 3058 919 3120 fideles
943 3064 1113 3123 auctoritati
1134 3059 1197 3123 Ec-

56 3163 167 3223 clesiae
191 3162 315 3242 subjecti
332 3168 425 3235 'sunt;
457 3161 490 3236 li)
514 3148 582 3242 quia
608 3163 828 3222 matrimonium
853 3169 898 3229 est
920 3169 1138 3228 sacramentum
1162 3179 1197 3228 ao

56 3265 186 3344 proinde
208 3263 373 3326 secundum
397 3280 430 3324 se
454 3264 622 3344 specialiter
645 3263 810 3344 subjectum
826 3253 1020 3346 ‘dispositioni
1043 3265 1198 3332 Ecclesia-

54 3347 171 3428 sticaes
195 3367 229 3442 2)
252 3351 419 3428 Ecclesiam
440 3371 470 3427 vi
494 3365 582 3448 hujus
605 3371 761 3446 potestatis
784 3371 934 3432 irritantes
956 3369 1042 3452 leges
1064 3369 1197 3434 condere

57 3489 147 3552 posse
173 3477 234 3531 tum
258 3469 295 3530 de
317 3467 391 3547 hoc,
420 3469 500 3550 quod
526 3469 588 3549 jam
612 3469 679 3551 lege
711 3469 836 3532 naturali
858 3473 974 3533 irritum
998 3479 1060 3552 est,
1092 3473 1204 3534 decla--

57 3565 152 3636 rand'o
172 3573 224 3654 jus
248 3579 379 3662 araturae,
403 3578 432 3632 et
454 3575 549 3654 magis
572 3565 843 3654 uetern'nnaado,²)
866 3579 928 3638 tum
951 3575 989 3636 de
1011 3573 1092 3652 aliis,
1117 3591 1194 3655 quae

56 3681 85 3736 vi
111 3682 256 3752 naturae,
284 3681 314 3735 in
337 3693 408 3736 casu
433 3673 602 3762 particulari
628 3675 676 3735 vel
699 3675 790 3737 etiam
813 3693 948 3758 semper,
972 3675 1068 3740 valida
1092 3681 1196 3739 essent

57 3829 266 3840 ,.,.,.-.-...--

89 3917 111 3982 ¹)
130 3914 274 3981 Zallingar,
293 3911 353 3963 lost.
369 3909 432 3976 juris
451 3919 532 3965 natur.
552 3914 574 3978 §.
595 3915 653 3966 257.
671 3932 696 3982 p.
715 3914 774 3968 sti.

83 4002 106 4065 ²)
125 3999 188 4050 Hinc
208 3998 292 4065 plures
305 3997 405 4058 dicunt,
424 4002 508 4050 ornnia
523 3999 701 4066 impedimenta
719 4015 777 4066 essu
788 3999 897 4072 quodum
915 4016 992 4060 sensu
1007 3999 1197 4056 ecclesiastica.

99 4104 133 4144 De
145 4101 298 4146 matrimonio.
969 4085 989 4154 6
