2746 4646
173 207 228 290 ,80
434 225 473 282 Da
491 227 676 324 impedimentis
694 231 881 326 matriqnoniurn
899 229 1080 284 dirimentibus.

182 385 262 447 ralis
289 385 507 463 prohibitionis
533 389 616 448 ratio
645 394 692 448 est
714 391 785 468 ipsa
814 389 967 450 certitudo
994 390 1150 468 penerulis
1179 391 1327 470 periculi,

182 505 247 568 seu,
270 495 305 548 ut
325 487 423 565 muni,
444 491 638 569 praesumtio
652 488 750 564 iuris.
765 525 810 536 -
823 490 898 554 ilinc
914 491 1051 556 deiectus
1070 491 1122 570 iili,
1147 498 1198 572 qui
1212 511 1327 555 essen-

182 594 242 651 tiae
258 593 446 652 inatrimonio
461 594 624 654 intrinsece
639 593 770 672 quidem,
796 612 855 656 non
871 601 970 656 tamen
984 593 1119 656 absolute
1141 615 1176 658 ac
1190 613 1324 676 semper,

181 693 234 754 sed
258 698 371 755 tantum
385 692 536 756 ordinarie
558 694 686 772 obstant,
710 696 858 776 objectum
882 715 950 760 esse
972 703 1097 777 possunt
1115 695 1322 777 dispositionis

181 795 364 879 legislatoris
394 802 424 857 et
445 795 592 858 diviaiet
614 797 752 876 humant,
784 817 819 862 ac
849 799 969 880 quidem
999 798 1172 879 dupliciter,
1203 801 1318 862 scilicet

180 899 230 960 vel
255 904 287 959 ιιι
308 899 355 977 id,
387 899 467 980 quod
489 899 689 980 periculosum
713 909 773 976 est,
804 921 924 984 semper
946 904 1087 964 illicitum
1108 920 1177 964 esse
1201 909 1320 979 ειιιιιιιι,

174 1001 229 1066 ,vel
252 1008 285 1062 ιιι
306 1001 353 1076 id,
383 1002 462 1081 qaod
485 1003 535 1066 tali
559 1003 692 1082 pericula
715 1004 854 1084 &mado
871 1003 942 1084 ¹fiat,
973 1011 1132 1086 utrumque
1154 1023 1189 1070 se
1212 1005 1322 1068 habent

180 1107 422 1166 circumstantiae
444 1109 473 1166 iu
497 1124 567 1166 casu
590 1106 769 1184 particulari,
795 1107 903 1168 nullius
927 1108 1051 1170 ellectus
1072 1125 1127 1170 seu
1150 1109 1323 1170 inualidum

179 1225 248 1268 esse
271 1207 412 1270 decernat
433 1213 451 1270 i.
474 1227 500 1270 e.
525 1216 628 1270 actum
651 1213 752 1272 irritet
773 1211 806 1270 ai
826 1211 903 1290 lepis
925 1213 1093 1288 irritantis,
1116 1227 1194 1290 quae
1218 1215 1324 1272 nititur

179 1311 373 1391 sequentibus
394 1315 556 1391 principiis.

267 1414 300 1475 li.
324 1414 386 1475 Lex
414 1418 555 1494 positiva,
583 1413 686 1476 divina
708 1431 763 1476 seu
789 1413 933 1495 humana,
965 1419 1079 1478 versari
1107 1419 1204 1494 potest
1233 1419 1316 1478 circa

178 1521 313 1582 actiones
345 1523 482 1599 tanquam
514 1517 664 1597 objectum
695 1516 743 1578 vel
774 1522 925 1594 rnateriam
957 1537 1040 1582 suam
1072 1517 1154 1580 hisce
1186 1516 1319 1578 diversis

179 1621 289 1682 modis:
322 1620 356 1696 l)
379 1639 430 1681 eas
460 1619 700 1698 determinando,
733 1627 766 1680 ut
793 1623 870 1696 sini,
902 1625 926 1682 si
950 1627 996 1682 est
1026 1620 1075 1682 lex
1104 1619 1319 1698 affirmabam

178 1722 213 1795 2)
237 1723 285 1784 vel
313 1729 345 1783 ut
367 1707 531 1802 jure'esse
556 1726 694 1803 possint,
725 1725 750 1784 si
774 1728 820 1784 est
849 1724 898 1786 lex
925 1715 1127 1798 concessica;
1153 1721 1187 1798 3)
1211 1723 1262 1784 vel
1285 1729 1319 1784 ut

178 1845 240 1886 non
262 1828 341 1900 siat,
364 1830 389 1886 si
412 1831 457 1888 est
477 1826 645 1906 prohiberes
667 1843 721 1888 seu
744 1830 908 1906 nepotiaa;
937 1825 972 1900 4)
996 1827 1044 1888 νει
1067 1831 1099 1888 ιιι
1121 1826 1156 1887 ad
1180 1830 1317 1888 actiones

177 1934 383 2002 annectuntur
400 1934 480 1990 certa
503 1933 687 1992 consectaria
704 1929 780 1992 bona
801 1929 849 1990 vel
870 1929 1009 2006 molesta,
1034 1932 1058 1992 si
1082 1935 1128 1994 est
1146 1929 1196 1990 lex
1213 1947 1317 2008 prae-

177 2034 277 2094 miaus
299 2036 351 2094 aut
366 2034 527 2110 poenalia
548 2033 583 2107 5)
597 2031 645 2094 vel
667 2037 700 2092 ut
713 2035 937 2094 actionescerta
960 2035 1146 2094 consectaria
1166 2048 1222 2094 seu
1237 2031 1318 2112 effe-

177 2141 246 2194 ctus
268 2153 329 2195 uon
350 2133 493 2212 habeant,
518 2139 541 2196 st
566 2139 613 2198 est
635 2135 685 2196 lex
707 2136 846 2197 britona.
862 2167 899 2178 -
924 2132 986 2194 Lex
1008 2135 1140 2196 irritares
1162 2137 1316 2217 attingere

176 2239 291 2316 potest,
329 2235 358 2312 l)
384 2256 436 2300 eos
458 2245 558 2315 actus,
583 2241 632 2318 qui
653 2237 715 2317 jam
741 2238 864 2299 naturali
885 2236 954 2316 jure
977 2239 1051 2298 irriti
1076 2257 1111 2298 ac
1134 2237 1206 2298 nulli
1231 2243 1314 2314 sunt,

176 2339 280 2402 saltem
303 2339 502 2420 aliquatenus,
526 2339 706 2404 declarando
723 2340 775 2420 jus
799 2345 937 2416 naturae,
962 2345 992 2400 et
1015 2338 1095 2420 quod
1119 2342 1149 2400 in
1172 2325 1238 2402 iuro
1262 2343 1317 2400 in-

161 2448 260 2530 ·terno
287 2444 484 2522 nullusnest,
515 2449 603 2506 etiam
627 2462 680 2524 pro
710 2441 775 2506 loru
805 2448 948 2515 externo,
977 2441 1108 2522 judiciali
1136 2461 1171 2504 ac
1193 2441 1316 2524 publico

174 2547 343 2610 authentice
359 2547 497 2611 habendo
518 2566 552 2608 ac
572 2543 762 2608 decernendo
782 2563 835 2624 pro
857 2543 937 2608 nullo
956 2563 991 2607 ac
1006 2549 1107 2620 irrit03
1131 2543 1165 2624 2)
1185 2551 1237 2606 aut
1260 2563 1316 2606 eos

172 2657 267 2729 aetus,
291 2655 342 2731 qul
367 2654 395 2710 vi
420 2655 553 2726 naturae,
583 2648 685 2710 saltem
710 2651 740 2708 in
763 2664 833 2710 cusu
853 2647 1057 2728 particulari,
1082 2647 1172 2722 ¹traltdi
1197 2654 1311 2726 essent,

173 2749 227 2816 sed
249 2770 365 2814 summa
388 2753 564 2830 imperantis
587 2754 753 2830 potestate,
769 2754 816 2810 oui
839 2749 971 2830 subjecta
995 2755 1065 2810 sunt
1082 2749 1151 2830 jura
1173 2749 1315 2812 subdito-

173 2874 250 2933 rum,
274 2853 346 2916 nulli
370 2871 437 2916 esse
455 2851 615 2932 jubentur3
639 2851 717 2932 quod
742 2849 773 2910 fit
796 2850 905 2930 duplici
931 2850 1019 2914 modo
1040 2856 1073 2926 a)
1098 2857 1130 2913 ut
1152 2856 1212 2913 sint
1234 2857 1312 2914 irriti

172 2961 238 3037 ipso
258 2958 328 3038 jure
352 2962 382 3016 ct
396 2955 486 3036 iacto,
510 2955 676 3037 etquidem
694 2955 819 3028 auerte,
842 2953 963 3034 quando
981 2954 1091 3036 agendi
1106 2955 1157 3036 jus
1177 2961 1208 3016 et
1224 2955 1314 3018 habi-

172 3059 241 3122 litas
264 3058 473 3141 promittendi,
496 3056 707 3134 contrahendi,
739 3055 897 3138 quidquam
921 3056 1087 3136 efficiendi,
1117 3057 1314 3120 subtrahitur

172 3167 203 3224 et
222 3160 363 3224 inhabilis
386 3165 453 3242 quis
476 3161 543 3238 tiai;
567 3161 725 3238 indirecte,
749 3159 867 3238 quando
887 3162 967 3222 actui
986 3157 1198 3239 praescribitur
1214 3159 1313 3224 torma

172 3271 224 3330 out
245 3265 420 3329 solemnitas
442 3265 669 3338 substantialis,
692 3267 756 3327 sive
779 3264 862 3332 totis,
885 3279 942 3342 qua
965 3279 1026 3326 nun
1049 3259 1206 3324 observata
1225 3267 1312 3322 actus

172 3385 230 3430 non
253 3367 341 3430 habet
363 3386 445 3430 suam
469 3374 616 3445 naturam,
641 3365 826 3446 proindeque
847 3365 945 3428 nullus
968 3370 1029 3440 est3
1052 3363 1084 3438 b)
1102 3368 1134 3426 ιιι
1157 3380 1210 3443 ρει
1233 3381 1310 3424 sen-

171 3475 294 3533 tentiam
323 3477 354 3532 et
383 3474 579 3532 ministerium
608 3467 720 3549 Judicis
749 3469 839 3532 causi
870 3471 990 3549 cognita
1021 3465 1247 3540 rescindentem
1281 3471 1308 3527 ει

170 3589 279 3654 nempe
307 3574 372 3655 ejus
389 3580 518 3636 naturae
540 3578 600 3636 sint
625 3577 727 3648 actus,
759 3576 791 3632 ιιι
812 3569 940 3632 rescindi
964 3567 1014 3630 val
1035 3567 1158 3632 dissolvi
1181 3571 1309 3648 possint.

168 3711 213 3723 -
234 3677 268 3738 ld
292 3681 369 3739 inter
390 3676 526 3740 hormines
548 3678 695 3758 contingit
717 3689 756 3735 ex
775 3671 885 3752 duplici
908 3689 1008 3750 cansa,
1033 3670 1152 3752 quando
1175 3669 1214 3732 oli
1236 3674 1310 3732 vitt—

169 3779 269 3842 culum
292 3780 450 3860 personale
472 3779 556 3842 alteri
581 3782 611 3840 in
634 3777 756 3840 alterius
779 3775 963 3840 voluntatem
992 3774 1043 3856 jus
1066 3775 1225 3853 competit,
1256 3776 1310 3834 aut

238 3947 301 3998 nihil
321 3947 424 4012 periculi
435 3945 597 4014 ‘magnopere
616 3945 741 4005 continet,
764 3955 815 3993 non
833 3941 943 4009 suppetit
959 3941 1036 4004 ratio,
1060 3951 1106 3991 aur
1122 3951 1152 3989 ca
1171 3939 1227 4006 ipsc
1249 3935 1310 4002 jura

239 4041 344 4086 naturae
363 4031 489 4102 prolum
507 4045 563 4083 essa
581 4031 741 4083 certauerit
774 4023 900 4098 hallinges
916 4025 933 4078 i.
952 4041 973 4076 c.
