2742 4660
343 307 380 358 Da
398 308 573 362 matrimonio,
592 315 714 375 quatenus
733 315 770 358 est
788 305 986 357 Sacronrentum
1197 287 1232 353 ll

96 468 276 526 matrimonii
306 463 460 525 delinitur:
504 463 579 540 „Est
609 463 777 543 conjunctio
809 462 967 539 maritalis,
1001 465 1056 522 rite
1085 461 1238 542 dispositis

95 568 256 628 conserens
280 572 403 650 gratiam
427 565 696 642 saltumn-antonus
721 583 775 628 scu
799 566 928 647 larguis:
960 565 1034 638 .,Est
1057 565 1236 626 Sacramen-

95 677 156 730 tum
183 689 277 731 noxae
301 669 378 752 legis
400 673 526 750 gratiam
550 669 709 730 conlarans
740 668 776 729 ml
801 669 962 749 legitimam
987 671 1042 728 viri
1072 674 1100 728 et
1125 668 1236 728 mulia-

97 777 137 832 ris
162 773 403 852 conjunctionem
426 771 669 844 sanctificandam
695 778 724 831 et
748 771 784 832 ad
808 771 920 850 prolem
945 775 992 850 pie
1015 769 1235 849 suscipiendam

94 880 259 953 sancteque
288 873 506 936 educandarn.“
543 872 656 954 (Gury,
688 873 846 956 Scbmalxg
876 878 906 932 ot
934 873 983 936 alii
1014 878 1235 943 communitor.)

98 975 143 1036 Ex
172 977 260 1036 dictis
290 980 412 1056 insuper
440 983 521 1036 recte
549 977 754 1052 concluditur,
787 977 1022 1038 Sacramentum
1051 977 1240 1038 matrimonii

94 1082 186 1157 sequi
207 1086 353 1140 natm-am
375 1086 571 1157 cataractas,
602 1083 626 1140 si
650 1079 771 1158 qtridcm
794 1080 842 1140 illa
867 1084 937 1141 unio
960 1099 994 1140 ac
1022 1098 1117 1140 naxus
1140 1083 1234 1140 marl·-

96 1181 174 1258 talis,
200 1187 248 1241 cui
266 1180 401 1242 inhaeret
417 1181 649 1256 Sacraruantum,
675 1200 713 1241 ex
731 1186 866 1260 pactione
889 1199 943 1243 sau
961 1188 1115 1243 contracta
1129 1187 1234 1244 oritur.

184 1281 231 1342 tit.
257 1283 512 1363 Controxartitur,
545 1304 614 1346 num
640 1289 860 1347 matrimonium
889 1303 948 1345 nou
973 1285 1068 1347 solum
1099 1289 1128 1346 in
1155 1286 1235 1364 fieri,
1279 1296 1283 1301 '

97 1386 149 1447 sad
175 1393 206 1446 ct
228 1392 258 1446 in
281 1386 366 1464 sacto
390 1408 458 1448 csse
481 1393 520 1450 sit
543 1389 777 1463 Sacramentum,
803 1389 860 1464 vel,
886 1393 918 1450 ut
939 1389 988 1448 alii
1012 1388 1132 1466 dicunt,
1164 1407 1235 1450 num

97 1490 323 1552 Sacramentum
354 1490 497 1552 duntaxat
520 1491 667 1552 alliciatur
694 1495 724 1551 in
747 1491 877 1552 ineundo
900 1497 1069 1566 contractu,
1102 1512 1139 1554 an
1163 1511 1236 1555 vero

95 1599 272 1671 perseueret¹
299 1591 335 1654 ad
358 1599 451 1655 instar
472 1593 655 1656 sacramenti
679 1593 898 1671 Eucharistiae,
929 1600 996 1674 post
1019 1598 1124 1654 initum
1155 1613 1232 1667 cou-

95 1701 241 1768 tractuum
265 1697 414 1758 altirmant
437 1697 617 1774 Bellunum,
641 1696 789 1774 Sarichaz,
818 1699 972 1778 baymann
995 1704 1025 1758 at
1047 1697 1096 1758 alil
1120 1698 1236 1777 probati

99 1805 258 1873 auctoras3
281 1805 391 1881 negant
408 1805 518 1877 autom,
543 1807 583 1870 at,
609 1806 639 1861 nt
659 1801 744 1862 nobis
761 1801 879 1861 videtur
895 1801 1074 1880 probabilius
1090 1800 1236 1880 Castrop„

97 1900 261 1978 Caenincli,
285 1901 433 1980 Sclruriar,
459 1902 638 1986 Schmalzg,
662 1903 838 1981 Laureolus,
862 1908 905 1964 sic
928 1905 1078 1965 dicentes:
1104 1903 1237 1980 „Sacra-

97 2009 234 2066 mentum
259 2009 304 2080 (in
329 2023 420 2068 sensu
443 2010 561 2081 stricto)
586 2012 632 2067 ast
654 2010 772 2088 signum
794 2009 968 2084 practicam
990 2011 1121 2090 gratiae,
1156 2005 1185 2068 h.
1209 2024 1236 2068 c.

96 2125 152 2168 suo
182 2126 238 2169 usu
262 2127 300 2168 cx
330 2127 422 2188 opma
452 2115 575 2189 operato
605 2108 795 2170 sanctificans
825 2114 1055 2189 suscipiautam3
1086 2110 1234 2191 conjuges

95 2219 196 2273 autam
222 2231 276 2273 usu
301 2215 478 2274 matrimonii
504 2231 561 2273 non
585 2212 824 2286 sanctificantur,
854 2212 907 2273 sad
932 2218 1029 2292 polius
1051 2216 1081 2273 in
1105 2219 1235 2273 contra-

96 2315 195 2376 bendo
219 2316 257 2376 ad
280 2334 374 2376 usuru.
420 2315 555 2396 Nugatur
578 2319 685 2394 paritas
714 2333 781 2376 cum
805 2316 850 2378 Ss.
874 2314 1065 2377 Sacramenta
1088 2313 1237 2376 Euchari-

97 2422 182 2488 stiae,
209 2436 286 2496 quaa
309 2419 425 2494 infieri
445 2436 509 2493 scu,
534 2417 603 2478 dum
628 2419 669 2492 sit,
696 2435 754 2479 non
779 2418 1058 2479 ostSacramantum
1081 2421 1112 2477 in
1130 2421 1234 2479 stricto

97 2539 207 2596 sensu,
238 2521 291 2584 sed
313 2521 505 2596 sacrificium,
537 2521 612 2580 lacta
636 2538 708 2582 varo
738 2527 784 2580 εει
807 2521 1047 2595 Sacramentum,
1081 2525 1150 2600 quia
1182 2537 1238 2582 usu

97 2641 153 2684 sao
176 2623 341 2686 sanctificat
363 2628 592 2703 suscipientem:
631 2624 696 2684 Alia
720 2623 865 2703 objectio,
891 2621 971 2701 qaod
993 2623 1109 2683 scilicet
1132 2627 1238 2684 aratri-

99 2729 231 2786 monimu
262 2730 293 2785 in
320 2727 392 2806 fieri
421 2745 480 2789 uon
509 2727 659 2808 significat
689 2731 829 2786 unionem
858 2725 964 2786 Christi
994 2743 1060 2785 cum
1091 2723 1237 2804 Ecclesia,

99 2845 157 2888 nac
181 2829 216 2887 ad
242 2847 304 2888 ram
329 2829 440 2908 aliquid
466 2829 549 2904 lacit,
583 2849 649 2889 cum
681 2849 716 2889 ea
740 2829 917 2911 significatio
949 2846 1007 2889 non
1035 2827 1140 2908 probet
1170 2846 1237 2888 essa

97 2929 339 3010 Sacramentum,
372 2939 518 3014 quatenus
541 2933 613 2994 illud
643 2940 688 2994 est
711 2937 832 3016 signum
856 2937 1032 3012 practicam,
1065 2930 1118 2992 sad
1141 2931 1237 2994 solum

97 3051 166 3094 asse
190 3034 425 3114 Sacramentum,
451 3041 569 3116 sumpto
582 3034 775 3098 Sacramenta
798 3036 856 3096 late
880 3053 933 3115 pro
955 3039 1043 3118 signo
1067 3038 1111 3096 rei
1133 3053 1238 3097 sacrae

99 3135 242 3197 divinitus
264 3139 410 3200 instituta.
423 3138 447 3214 ¹)
538 3194 544 3210 ,

187 3239 355 3312 Quaestio:

184 3343 344 3416 Quaeritur
371 3345 414 3420 tt)
447 3363 516 3406 nuru
542 3349 762 3406 matrimonium
793 3365 809 3406 a
834 3343 970 3406 lulelibus
992 3351 1176 3408 contractum
1200 3351 1238 3408 sil

100 3446 211 3528 duplex
235 3444 480 3531 Sacramentumf‘?

186 3557 218 3628 lp.
244 3551 424 3629 probabilius
448 3555 601 3630 nepotiae:
634 3553 718 3613 Ratio
742 3557 803 3629 ast,
834 3556 902 3632 quia
931 3555 1104 3613 contractus
1132 3557 1237 3614 matri-

101 3653 237 3715 monialis
260 3658 338 3714 inter
361 3654 463 3714 lidalcs
486 3659 576 3715 initus
600 3655 736 3718 clavatus
759 3661 804 3716 cst
827 3655 863 3715 ad
887 3654 1126 3729 Sacramentum,
1156 3660 1236 3734 atqui

100 3761 331 3831 matrimonium,
356 3757 426 3818 licet
440 3773 589 3818 consensu
613 3764 642 3817 at
659 3762 864 3837 acceptatione
888 3759 1042 3838 utriusque
1056 3755 1236 3818 contrahan-

101 3861 136 3919 tis
159 3859 363 3938 coutpleatur,
393 3863 498 3919 unicus
521 3865 626 3941 ,taurian
655 3867 825 3922 contractus
853 3868 915 3938 cst,
948 3863 1066 3920 unicum
1094 3857 1237 3922 duntaxat

103 4017 307 4026 ---—.----

127 4079 147 4156 ¹)
166 4078 271 4132 Lernen.
291 4081 371 4132 lorum
390 4081 451 4134 eccl.
470 4111 504 4118 --
523 4081 565 4134 lib.
584 4085 609 4134 l.
628 4086 663 4134 tit.
686 4084 707 4136 l.
726 4100 749 4154 q.
770 4083 812 4136 81.
