2764 4664
452 243 491 296 De
509 241 683 298 celebratione
701 247 857 316 Nuptiarum.
1167 221 1230 296 283

179 399 208 463 Si
234 400 318 490 alteri
341 401 517 484 presbytero
546 403 672 466 facultas
701 404 777 466 facta
809 408 848 466 sit
869 403 1072 486 conjungendi
1102 403 1229 483 aliquos,

92 500 123 563 id
147 505 178 563 in
209 502 285 567 libro
307 507 418 586 proprii
442 504 561 585 parochi
593 509 637 568 sic
667 506 828 569 adnotetur
855 511 949 587 ipsius
978 504 1098 588 parochi
1121 521 1229 567 menn:

91 603 672 672 Anno...die...mensis...
1229 630 1233 638 ’

180 707 215 771 Ν.
238 709 407 792 Presbyter,
431 709 468 772 de
491 711 609 774 licentia
627 711 747 774 Revir'rs.
759 711 895 793 Episcopi
918 711 952 772 N.
977 715 1033 772 ant
1053 727 1129 788 mea,
1154 719 1232 792 qnae

92 817 188 892 penes
219 830 266 874 me
295 817 392 891 extat,
416 811 450 876 N.
475 811 567 874 iiiium
591 813 625 878 N.
651 823 681 876 et
703 815 738 878 N.
768 821 825 877 etc.
849 866 854 878 .
880 865 886 878 .
911 865 917 877 .
946 817 978 875 in
1010 815 1231 876 matrimonium

92 915 251 996 conjunxit
274 966 279 978 .
305 963 312 977 .
343 921 376 977 ut
405 933 503 996 supra.
555 916 591 978 Et
619 935 678 1001 ego
706 918 742 983 N.
770 917 917 999 parochus
945 913 980 979 N.
1010 913 1172 995 subscripsi
1200 921 1231 977 et

93 1021 189 1082 testor
210 1037 273 1081 rem
296 1022 335 1080 ita
359 1037 393 1080 se
414 1016 535 1082 habere.
862 1021 865 1026 '
1144 1081 1146 1084 .

180 1121 210 1184 Si
234 1123 436 1204 dispensatum
460 1121 549 1184 inerit
572 1121 722 1204 deaiiquo
736 1122 960 1205 impedimenta,
983 1119 1143 1183 adnotetur
1156 1137 1231 1203 gra-

91 1225 149 1286 dus
179 1229 445 1310 consanguinitatis
474 1225 523 1286 vel
557 1223 708 1287 affinitatis
738 1232 793 1286 etc.
817 1230 847 1286 et
878 1222 1087 1303 compendium
1117 1222 1231 1284 decreti

91 1346 185 1407 super
207 1347 241 1390 ca
264 1329 432 1390 relatiuam
457 1329 505 1390 die
528 1333 558 1388 et
575 1345 654 1391 anno
676 1348 710 1391 ac
724 1327 838 1390 Notarii
861 1327 899 1389 de
921 1326 972 1389 illo
996 1329 1093 1410 rogati
1111 1329 1231 1389 nomine

90 1428 148 1491 hoo
171 1429 269 1492 modo.

179 1533 214 1596 Α.
239 1532 356 1596 Domini
382 1581 388 1595 .
413 1579 420 1593 .
446 1579 453 1592 .
477 1533 525 1593 die
549 1583 555 1596 .
580 1584 587 1597 .
613 1583 620 1598 .
644 1539 755 1597 mensis
779 1582 785 1597 .
810 1586 816 1598 .
841 1585 846 1598 .
873 1533 1046 1614 praemissis
1068 1531 1231 1594 denuntia-

91 1637 222 1699 tionibus
251 1655 285 1699 ac
315 1641 468 1716 comperto
500 1637 714 1719 impedimento
738 1686 744 1700 .
770 1688 776 1702 .
802 1685 808 1697 .
834 1687 840 1700 .
872 1641 953 1698 inter
980 1633 1016 1695 N.
1048 1639 1078 1694 et
1106 1633 1143 1694 N.
1172 1639 1230 1696 etc.

90 1739 277 1820 obtentoque
298 1758 351 1820 per
379 1757 433 1800 eos
454 1737 645 1819 Apostolicae
669 1739 755 1804 Sedis
784 1739 922 1804 mandato
951 1737 989 1800 de
1018 1735 1229 1818 dispensando,

90 1847 122 1902 et
153 1859 219 1902 cum
253 1845 296 1902 eis
332 1860 384 1922 per
405 1841 559 1905 hennum.
582 1843 762 1923 Episcopum
790 1842 824 1906 N.
854 1845 1031 1905 auctoritate
1060 1839 1230 1920 dispensato

90 1943 140 2006 die
164 1995 170 2008 .
196 1995 202 2008 .
228 1993 235 2007 .
259 1962 366 2006 anno.
397 1990 404 2005 .
430 1991 436 2006 .
461 1949 493 2006 ut
522 1949 639 2007 constat
661 1963 700 2005 ex
729 1949 803 2008 actis
825 1945 940 2009 Notarii
971 1943 1062 2006 oflicii
1086 1941 1229 2025 praedicti

89 2047 228 2130 Episcopi
263 2066 315 2111 eos
346 2049 533 2110 matrimonio
561 2049 704 2128 conjunxi
737 2089 743 2105 .
774 2101 779 2112 .
812 2099 817 2112 .
851 2053 883 2110 ut
913 2051 944 2108 in
977 2048 1129 2129 praedicta
1163 2045 1230 2109 lor-

90 2148 171 2212 mula
196 2199 202 2212 .
229 2196 235 2208 .
261 2200 266 2212 .
898 2167 900 2171 ·

177 2251 211 2315 il.
234 2251 279 2313 Ex
309 2257 408 2315 causis
437 2253 614 2336 urgentibus
644 2271 859 2335 nonnunquam
890 2253 953 2314 lieri
977 2257 1094 2334 potest,
1127 2258 1159 2316 ut
1191 2251 1229 2316 ad
1259 2293 1261 2296 -
1325 2291 1328 2294 -

90 2355 229 2417 evitanda
254 2354 390 2418 scandala
414 2359 632 2419 matrimonium
658 2362 779 2420 omnino
803 2357 921 2418 occulte
943 2372 997 2416 sen
1019 2361 1137 2418 secrete
1160 2357 1227 2418 iniri

89 2458 246 2538 expediat,
270 2457 326 2520 hoc
349 2459 463 2521 scilicet
486 2459 594 2537 modo,
624 2465 655 2519 ut
678 2461 767 2522 nullis
790 2463 919 2542 praeviis
942 2457 1227 2537 denuntiationibus,

88 2579 190 2622 coram
214 2561 279 2622 solo
302 2560 429 2640 parocho
453 2561 501 2622 vel
524 2563 581 2624 elio
605 2564 760 2627 sacerdote
783 2564 820 2624 de
844 2564 910 2644 ejus
932 2562 1069 2638 licentia,
1100 2559 1228 2622 adhibita

86 2666 259 2744 praesentia
282 2668 395 2725 tantum
418 2664 544 2726 duorum
567 2670 687 2727 testium
711 2669 844 2746 apposita
866 2685 884 2728 a
906 2661 1149 2726 contrahentibus
1170 2660 1228 2724 ad-

87 2770 282 2839 vocatorum,
312 2784 439 2846 quorum
463 2767 537 2830 fides
568 2771 681 2829 nemini
703 2769 823 2830 illorum
857 2774 902 2830 est
933 2771 1090 2846 suspecta,
1120 2767 1229 2828 matri-

86 2873 225 2931 monium
248 2867 427 2947 celebretur,
451 2887 561 2950 resque
584 2876 742 2953 peragatur
765 2876 848 2934 extra
872 2869 1030 2932 ecclesiam
1050 2865 1228 2950 quandoque

85 2977 178 3034 etiam
202 2975 279 3032 intra
301 2972 400 3048 iilam,
426 2973 527 3052 januis
552 2979 650 3034 tamen
673 2973 820 3050 occlusis,
853 2974 901 3036 vel
924 2991 961 3036 eo
993 2974 1135 3052 temporis
1158 2987 1228 3031 moa

86 3081 208 3150 mento,
232 3093 307 3156 quo,
332 3082 447 3139 remota
470 3076 593 3138 alterius
616 3078 748 3158 cujusvis
772 3081 951 3157 praesentia,
973 3079 1098 3138 scientia
1121 3077 1229 3137 matri-

87 3182 184 3240 monii
207 3183 272 3240 initi
296 3184 416 3258 praeter
440 3177 576 3257 parochi,
610 3179 848 3242 contrahentium
880 3183 1062 3260 testiumque
1085 3194 1228 3260 personas

85 3281 162 3344 alias
184 3285 303 3360 penitus
326 3279 460 3364 effugiat.
505 3281 655 3344 Dehisce
679 3285 890 3360 matrimoniis,
922 3299 998 3363 quae
1021 3283 1228 3344 conscientiae

86 3383 181 3467 vulgo
206 3389 388 3463 nuncupant,
413 3389 445 3446 ut
468 3389 572 3467 gravia
595 3386 670 3449 maia
695 3385 815 3448 exiliis
838 3385 969 3448 timenda
991 3389 1138 3465 quatenus
1161 3383 1226 3445 lieri

86 3493 195 3567 potest,
221 3485 370 3563 tollantur,
393 3486 545 3548 Benedici.
568 3486 644 3550 xiv.
668 3492 698 3550 in
723 3490 829 3550 titteris
852 3488 966 3568 encycl.
995 3485 1096 3566 „sans
1118 3485 1227 3550 vobis“

90 3587 138 3652 17.
171 3587 317 3652 Novemb.
354 3587 433 3652 tiit
467 3594 586 3657 statuit:
623 3589 653 3666 i)
690 3609 729 3652 no
763 3590 953 3654 admittantur
993 3595 1058 3652 sine
1086 3589 1225 3671 Episcopi

87 3695 253 3776 permissu,
278 3691 313 3765 2)
337 3699 370 3756 ut
390 3693 556 3774 Episcopus
578 3693 683 3756 sedulo
706 3701 736 3756 et
765 3701 850 3756 caute
872 3697 1001 3774 inquirat
1028 3693 1066 3756 de
1089 3685 1226 3774 personis

88 3795 188 3856 taliter
210 3789 387 3858 contrahere
402 3796 625 3858 intendentibus
647 3785 812 3877 eorumque
830 3797 1016 3873 conditione3
1039 3795 1074 3874 3)
1098 3815 1136 3859 ne
1152 3797 1225 3880 haee

86 3901 246 3977 permissio
269 3898 451 3961 concedatur
472 3899 584 3980 absque
607 3917 697 3962 causa
721 3904 818 3982 gravi,
842 3905 872 3960 et
894 3904 1115 3982 urgentissima,
1141 3917 1169 3962 v.
1193 3919 1224 3982 g.

86 4004 118 4062 in
141 4011 223 4077 casu,
248 4019 307 4083 quo
330 4003 429 4065 viret
452 4001 572 4081 semina,
596 4007 627 4066 in
647 4001 747 4086 figura
769 3991 949 4066 matrimonii
965 3997 1092 4088 publice·
1105 4003 1226 4095 degen-
