2758 4664
410 215 449 276 ea
466 214 555 276 canu
573 216 806 278 matrimonialibus.
1071 307 1072 312 η
1119 193 1182 272 237

49 383 177 442 vocatur
198 399 216 442 a
237 377 267 442 S.
280 377 403 463 Lignori
425 383 591 444 communis
612 385 644 440 et
657 383 774 457 verior;
796 379 922 444 eandem
939 393 1083 461 expresse
1101 381 1184 440 tenet

50 483 81 544 S.
105 482 242 546 Thomas.
253 482 279 558 ¹)
323 482 410 546 Ratio
439 487 501 561 est,
533 487 603 566 quia
632 487 748 546 certum
775 490 836 562 est,
866 483 946 565 quod
968 489 1000 547 in
1027 487 1184 547 contractu

49 591 231 648 matrimonii
255 604 316 648 uon
338 591 500 667 requiritur
521 587 656 650 simultas
684 585 807 668 physica
829 605 1029 650 consensuum
1052 602 1184 666 sponso·

49 707 135 768 rum,
166 689 219 752 sed
247 687 358 752 sullicit
387 690 522 768 moralis,
552 707 661 770 nempe
683 695 708 752 si
731 707 895 754 consensus
922 695 1011 754 unius
1034 691 1185 754 moraliter

48 799 235 872 perseverat,
257 791 327 854 dum
345 797 463 872 ponitur
477 811 643 875 consensus
658 794 796 870 alterius3
819 812 904 877 ergo,
928 811 995 856 cum
1014 794 1076 874 jam
1091 811 1184 874 prae-

48 900 179 958 cesserit
208 913 299 958 verus
329 914 495 960 consensus
522 897 645 960 alterius
674 904 705 960 et
732 899 900 960 virtualiter
927 903 1102 978 perseveret
1131 913 1185 976 par

48 996 315 1078 cohabitationem,
339 1001 410 1060 satis
433 1005 497 1078 est,
527 999 607 1080 quod
629 999 750 1062 accedat
773 1017 939 1064 consensus
959 1005 1048 1063 istius
1071 1004 1183 1060 melum

48 1106 130 1182 passi
153 1102 295 1164 rellicta
318 1107 552 1180 consentientis,
582 1121 743 1183 expressus
766 1110 816 1166 aui
839 1121 894 1185 per
916 1103 1025 1183 verba,
1058 1109 1109 1166 aui
1132 1121 1185 1182 per

48 1210 147 1288 signa,
171 1223 279 1286 nempe
302 1223 356 1286 per
378 1206 513 1286 copulem
537 1207 700 1270 maritalem
731 1213 783 1268 aut
803 1207 1003 1270 voluntariam
1026 1206 1185 1272 cohabita-

49 1306 210 1384 tionem.²)
253 1309 317 1372 Nec
339 1311 418 1373 valet
440 1311 552 1389 dicere,
576 1310 654 1390 quod
677 1329 842 1374 consensus
864 1311 1004 1388 altarium,
1035 1314 1086 1391 qni
1109 1310 1185 1372 liber

49 1407 106 1472 suit
129 1431 146 1473 a
169 1423 252 1474 metu
273 1414 323 1475 vel
346 1413 483 1492 fictione,
514 1413 569 1476 fuit
590 1414 708 1494 nullus,
738 1433 805 1478 curu
828 1414 927 1478 nullus
955 1412 1085 1476 adiuerit
1106 1431 1184 1475 con-

49 1522 179 1597 tractus,
210 1537 278 1580 nam
302 1516 515 1596 respondetur,
544 1515 639 1597 quod,
668 1518 739 1580 licet
760 1521 931 1580 contractus
960 1514 1051 1579 luerit
1072 1514 1182 1594 uulluS,

48 1625 79 1680 ei
102 1637 269 1683 consensus
290 1619 370 1681 illius
393 1637 453 1681 uon
466 1619 601 1682 babuerit
623 1619 774 1700 ellectum,
799 1628 897 1684 tamen
920 1619 976 1681 fuit
993 1637 1084 1682 verus
1106 1635 1184 1682 eon-

46 1741 167 1798 sensum
191 1729 222 1784 et
242 1723 323 1798 ideo,
347 1727 501 1802 cumipse
524 1723 675 1786 moraliter
696 1730 878 1805 perseveret,
904 1726 976 1786 satis
1000 1727 1046 1784 e‘st
1069 1722 1106 1786 ad
1129 1739 1184 1784 re-

45 1823 239 1887 validandum
252 1829 484 1906 matrimonium,
497 1825 616 1908 quando
628 1826 743 1890 accedit
756 1845 922 1890 consensus
933 1826 1064 1889 alterius.
1077 1823 1184 1906 Neque

44 1930 146 1992 obstat
176 1934 281 2007 timor,
312 1947 350 1990 ne
379 1947 461 2009 pars,
493 1947 570 2010 quac
599 1929 725 1992 liberum
755 1949 934 1995 consensum
964 1932 1128 2010 praestilit,
1157 1932 1184 1990 si

43 2051 153 2094 rursus
182 2039 263 2094 esset
291 2037 435 2111 requisita
457 2031 495 2094 de
525 2050 604 2096 novo
633 2050 799 2110 consensu,
828 2034 906 2097 forte
927 2033 1010 2096 illum
1039 2036 1180 2116 negaret3

42 2156 113 2199 nam
144 2135 193 2198 bic
214 2140 457 2215 interpretativus
480 2135 633 2198 dissensus
663 2155 724 2200 non
747 2145 794 2200 est
814 2153 905 2200 verus
928 2135 1098 2213 dissensus,
1127 2133 1181 2198 sed

40 2243 169 2301 interim
191 2256 356 2302 consensus
378 2240 448 2303 olim
471 2244 639 2322 impertitus
657 2241 719 2324 jam
741 2245 922 2322 perseverat.
931 2237 959 2315 ³)
1000 2238 1048 2301 Ad
1070 2239 1179 2320 objec-
1255 2321 1256 2324 Ἴ

40 2348 161 2406 tionem
191 2361 230 2405 ex
259 2343 460 2406 declaratione
488 2343 579 2410 Glem.
603 2343 678 2408 Vlll.
713 2343 913 2423 respondetur
943 2341 980 2404 ab
1010 2342 1181 2404 auctoribus

38 2445 134 2528 hujus
158 2452 327 2509 sententiae
353 2449 385 2524 i)
408 2446 488 2528 quod
510 2448 616 2540 insilio
639 2465 708 2510 casu
731 2445 902 2527 particulari
923 2441 1181 2530 impedimentum,

39 2550 117 2610 licet
145 2551 310 2630 occultum,
342 2549 406 2612 edat
434 2551 597 2614 obnoxium
628 2550 761 2632 periculo
789 2548 1013 2628 publicationis3
1043 2547 1078 2623 2)
1101 2545 1180 2628 quod

40 2652 187 2713 Pontifex
209 2654 258 2715 vel
280 2655 435 2734 respondit
463 2660 604 2736 tanquam
627 2654 731 2717 doctor
753 2657 899 2734 privatus,
931 2651 980 2712 vel
1002 2654 1181 2712 senteutiam

41 2760 189 2818 tutiorem
212 2763 258 2818 est
280 2764 415 2832 secutus3
439 2755 474 2831 3)
489 2758 569 2839 quod
591 2757 628 2818 de
652 2757 783 2837 praelata
806 2754 1009 2818 declaratione
1032 2755 1181 2816 nonsatis

41 2854 213 2933 constat.⁴)
236 2861 350 2922 —Pro
373 2864 456 2940 praxi
481 2866 591 2936 tamen,
614 2865 682 2942 quia
705 2879 772 2923 cum
795 2863 895 2942 agitur
917 2857 955 2919 de
978 2860 1178 2930 sacramento,

43 2963 215 3042 nonlicet,
244 2969 390 3026 sententia
412 2967 525 3024 tutiore
554 2963 676 3042 relicta,
705 2959 936 3044 probabiliorem
966 2963 1065 3024 minus
1087 2964 1180 3021 tutam

42 3071 145 3146 sequi,
169 3070 293 3146 primam
307 3071 485 3130 sententiam
508 3069 714 3148 uti-tutiorem
732 3083 801 3128 esse
816 3061 987 3143 tenendam,
1012 3062 1093 3144 quod
1115 3063 1181 3146 ejus

42 3169 112 3231 lieri
137 3173 236 3248 potest
258 3173 323 3232 siue
346 3187 455 3254 magno
478 3169 602 3248 damno,
626 3173 678 3230 vix
700 3175 800 3250 potest
821 3167 957 3232 dubitari.
969 3163 997 3244 ⁵)

134 3271 185 3335 lll.
208 3271 255 3336 Ad
270 3273 515 3336 revalidationem
531 3270 701 3354 hujusmodi
719 3277 975 3335 matrimoniorum
990 3287 1050 3334 non
1068 3271 1181 3351 requiri

73 3481 97 3549 1)
116 3482 241 3550 supplem.
259 3489 355 3551 quaest.
372 3483 414 3532 47.
434 3488 480 3533 art.
498 3481 522 3531 d.
542 3480 573 3530 ad
591 3481 616 3530 2.

73 3570 96 3635 ²)
116 3569 143 3621 S.
161 3568 268 3638 liguori.
288 3585 311 3627 n,
331 3568 406 3620 1111.
429 3567 551 3618 Sancheu.
569 3565 610 3617 lib.
629 3567 652 3617 2.
670 3563 735 3631 disp.
755 3564 795 3617 36.
816 3580 845 3620 ιι.
859 3561 882 3614 ³.
901 3559 1039 3628 Laymunn.
1058 3558 1180 3611 demetr.

117 3671 140 3706 c.
160 3659 184 3708 6.
202 3672 228 3706 u.
249 3656 270 3706 l.
288 3653 397 3716 Rossius,
417 3653 448 3705 de
466 3663 538 3706 matr.
556 3669 577 3703 c.
596 3653 620 3703 2.
639 3667 663 3701 ιι.
683 3651 724 3702 38.
743 3649 821 3715 Gury,
839 3648 913 3701 isse.
931 3645 1079 3698 llaehnlein.
1097 3643 1180 3698 Prine.

116 3739 161 3793 Tb.
180 3755 241 3792 mer.
260 3758 286 3808 p.
304 3743 362 3792 745.

73 3826 98 3892 3)
118 3826 144 3881 S.
161 3826 214 3898 ing.
233 3828 249 3879 l.
268 3844 290 3880 c.

72 3915 141 3983 ⁴)S.
160 3915 214 3985 ng.
233 3931 259 3966 ιι.
279 3911 353 3968 1110.

79 4000 243 4072 )Βειιοάιοι.
262 3999 327 4054 xlv,
345 3999 362 4052 l.
380 4015 403 4054 c.
421 3995 534 4067 Gurp,l.
552 4011 574 4049 o.
593 3991 777 4062 llaebulein,l.
795 4009 817 4047 c.
