2742 4660
357 231 395 284 lis
412 231 598 301 inpedimentis
616 235 767 286 matrimonii
785 234 810 284 iu
829 247 931 302 genera
1171 216 1213 282 27

166 386 215 451 iv.
239 387 372 452 Petreius
394 389 613 466 ecclesiastica,
646 391 797 454 statuendi
819 389 966 472 ejusmodi
989 390 1213 470 impedinenta,

79 491 186 552 saltem
209 491 395 571 dirimenda,
425 500 472 554 est
502 511 594 573 penes
617 493 771 556 Summum
794 491 985 570 Pontificem,
1016 499 1046 554 et
1068 492 1106 554 dc
1134 493 1213 556 iacto

79 597 107 654 ci
139 595 197 658 sali
225 602 387 658 reservata.
410 631 454 644 -·
475 597 634 676 laymann.
659 596 922 676 Catanensium.
949 600 980 656 et
1004 600 1213 658 communiter.

78 699 165 761 Ratio
189 704 252 776 cst,
282 703 369 778 quia,
399 717 467 760 cum
496 703 669 762 constitutio
691 698 765 760 baec
794 698 1074 778 impedimentorum
1103 702 1142 758 sit
1162 713 1213 760 res

78 805 275 883 gravissima,
300 806 407 864 merito
430 821 446 864 a
469 820 610 882 supreme
632 801 786 864 Ecclesiae
808 805 903 880 capite
926 806 1086 882 provenire
1108 801 1212 878 debet3

79 911 258 985 constatque
287 903 344 966 boc
371 909 468 984 ipsum
500 923 538 967 err
560 909 701 967 continua
732 907 816 984 praxi
839 901 1001 968 Ecclesiae.
1049 904 1130 966 llaec
1152 909 1213 966 im·

79 1007 250 1087 pedimenta
273 1011 389 1070 nonnisi
413 1007 605 1090 generalibus
627 1006 791 1070 «renonibus
813 1026 828 1067 a
854 1006 976 1070 Summo
998 1008 1141 1070 Pentiilce
1163 1016 1214 1072 snt

79 1111 215 1192 generali
241 1111 385 1188 Concilio,
409 1111 474 1191 ejus
496 1115 671 1172 auctoritaie
694 1109 881 1186 confirmata,
902 1109 1026 1172 decerni
1048 1111 1160 1187 saleru
1183 1117 1213 1172 at

79 1219 138 1274 tam
170 1217 226 1274 etsi
250 1213 324 1293 Papa
354 1231 408 1293 per
430 1213 637 1292 particularem
666 1217 846 1276 senientiam
879 1217 971 1293 pessit
1000 1213 1047 1274 bic
1076 1221 1106 1274 et
1133 1231 1212 1276 nanc

78 1333 117 1374 ex
126 1317 208 1395 justa
224 1333 312 1378 causa
329 1321 548 1380 rnatrimaninm
566 1322 702 1396 tanquam
718 1315 849 1377 invalide
865 1314 1098 1378 contrabendum
1114 1323 1213 1378 inter-

78 1418 181 1479 dicere
204 1419 395 1499 quibusdam,
425 1438 484 1481 nen
508 1426 608 1480 tamen
629 1419 717 1481 facile
746 1423 838 1480 utitur
860 1419 915 1482 bac
941 1425 1097 1499 potestate.
1130 1420 1212 1502 Lay-

78 1539 184 1600 mann,
208 1521 330 1586 Navarr.
356 1522 503 1601 Sancbez,
528 1522 694 1584 Leurenius
717 1529 746 1582 et
768 1522 826 1584 alii.

165 1625 337 1700 (Μειδία.-

163 1727 323 1800 Quaeritur
355 1727 417 1800 i⁰iz
459 1728 507 1790 An
539 1733 687 1808 principes
717 1746 772 1790 seu
806 1732 998 1811 magistratus
1028 1729 1209 1804 saeculares,

73 1831 180 1893 saltem
203 1834 242 1908 ii,
273 1836 323 1911 qui
345 1831 455 1892 babent
484 1837 662 1911 patestatem
685 1831 849 1894 absolutam
878 1830 992 1892 terendi
1016 1831 1119 1912 leges,
1147 1835 1212 1894 suis

71 1934 200 1996 subditis
223 1940 354 1996 statuere
378 1937 557 1996 matrimonii
580 1935 792 2014 impedimenta
815 1933 984 1994 dirimentis
1006 1935 1144 2012 possint?

160 2044 192 2116 lp.
223 2037 475 2120 Distinguendum
505 2042 563 2098 erit
596 2035 627 2109 i)
656 2055 725 2098 num
756 2039 905 2117 principes
932 2053 986 2096 seu
1018 2039 1210 2118 magistratu

72 2143 133 2199 sint
162 2139 266 2200 iidcics
294 2157 332 2202 sn
355 2139 508 2218 infidelem
540 2141 574 2213 2)
597 2159 668 2202 num
697 2139 772 2202 baec
800 2138 1013 2218 impedimenta
1043 2144 1210 2202 statuantur

74 2259 128 2320 pra
157 2241 294 2304 fidelibus
324 2243 450 2306 subditis
478 2262 516 2304 an
547 2242 725 2306 infidelibus.
772 2242 824 2304 llis
852 2245 1035 2321 praenotatis
1063 2241 1208 2304 didmus:

74 2344 106 2423 1)
130 2349 246 2406 certum
269 2351 324 2422 est,
348 2346 529 2425 principibus
553 2345 719 2406 christianis
741 2363 801 2406 nan
825 2361 893 2405 esse
916 2349 1110 2423 potestatem,
1143 2351 1208 2406 sta-

71 2447 172 2508 tuendi
195 2448 405 2528 impedimenta
428 2449 596 2508 dirimentis
620 2451 756 2528 respectu
781 2446 911 2508 bdelium
934 2446 990 2508 sibi
1010 2446 1207 2526 subditorum,

68 2569 108 2611 cx
138 2557 255 2614 ratione
282 2569 370 2632 supra
393 2551 475 2624 data;
506 2549 541 2618 2)
565 2555 713 2614 seniculis
742 2555 992 2625 communisset,
1025 2550 1209 2630 principibus

69 2653 240 2717 christianis
271 2661 301 2716 et
336 2653 506 2716 infidelibus
537 2671 605 2716 esse
638 2659 832 2734 potestatem,
872 2652 1084 2734 impedimenta
1117 2658 1207 2714 etiam

69 2759 248 2819 dirimentur
278 2757 427 2820 statuendi
455 2757 624 2819 infidelibus
651 2757 708 2819 sibi
736 2757 886 2839 subjectis.
931 2755 1016 2818 Ratio
1046 2761 1109 2833 cst,
1139 2761 1207 2835 quia

71 2865 291 2923 rnatrimuuium
321 2860 487 2922 infidelium
516 2879 576 2924 non
604 2865 650 2922 est
679 2860 922 2938 Sacramenta,
953 2858 1006 2922 sad
1035 2863 1206 2922 contractus

70 2981 151 3024 mere
176 2963 289 3038 civilis3
318 2963 404 3042 hinc,
436 2968 516 3025 sicut
535 2962 681 3025 infideles·
698 2967 837 3043 potestati
867 2963 1054 3045 legislativae
1083 2979 1206 3024 suerum

69 3069 236 3146 principum
260 3083 294 3127 ac
317 3069 544 3150 magistratuum
569 3066 693 3148 subjecti
717 3071 787 3127 sunt
806 3065 903 3146 quoad
926 3066 1001 3127 alios
1024 3071 1203 3144 contractus,

67 3171 105 3231 ita
129 3173 220 3230 etiam
236 3169 334 3250 quoad
350 3173 584 3248 matrimonium
607 3175 746 3249 poterunt
760 3169 885 3248 proinde
908 3173 968 3247 isti,
992 3173 1018 3230 si
1040 3173 1080 3230 ita
1095 3168 1205 3231 bonum

68 3272 251 3352 reipublicae
274 3291 432 3335 commune
447 3272 584 3336 videatur
606 3276 741 3356 exigere,
767 3277 878 3334 certam
894 3271 1019 3334 termam
1044 3277 1073 3333 et
1090 3273 1206 3336 sclem-

70 3379 176 3438 nitatcs
201 3380 397 3440 matrimoniis
423 3376 542 3439 illerum
571 3375 801 3458 praescribere,‚
823 3391 936 3456 casque
959 3375 995 3436 nd
1019 3395 1054 3438 ea
1082 3381 1205 3438 contra-

70 3475 165 3538 henda
189 3476 345 3540 habilitare
367 3480 415 3542 vel
436 3479 632 3542 inhabilitate.
656 3475 692 3546 3)
709 3475 903 3556 Probabilius,
925 3482 987 3540 ima
1009 3484 1123 3538 certum
1147 3484 1203 3555 est,

135 3752 202 3802 ncnc
219 3749 262 3802 ille
280 3750 342 3802 ciiii
360 3751 503 3802 immutaret
525 3752 587 3815 (nisi
604 3759 700 3802 ramme
722 3759 747 3802 ct
769 3753 918 3818 improprie)
941 3753 983 3819 qui
1003 3750 1075 3809 aino,
1101 3748 1168 3817 qaod
1188 3765 1202 3800 a

135 3834 237 3888 Christe
260 3834 453 3888 determinatum
476 3845 515 3890 ert
538 3853 584 3905 pro
602 3835 685 3888 valida
709 3837 815 3888 materia
838 3836 1082 3888 conuentionisin
1100 3832 1203 3886 Eucha-

136 3924 216 3983 ricus,
235 3930 332 3974 tantum
349 3923 490 3976 desudarat
507 3937 603 3994 aquas,
626 3931 654 3974 ut
671 3924 798 3974 omitteret
815 3920 986 3992 praedicetur
1002 3921 1055 3978 viai
1080 3921 1201 3979 usualia&

135 4008 252 4074 restim,
267 4007 301 4062 tle
319 4015 391 4060 metr.
407 4009 444 4062 tit.
463 4009 486 4063 1.
504 4023 530 4062 1.
548 4011 590 4064 98.
