2758 4664
169 781 240 832 ;....
348 899 350 904 Ι
402 769 1065 926 Usspaqoauusjllff
1105 911 1108 916 ,

168 899 205 936 ιΙἸ
250 902 254 911 ’

170 1021 190 1038 ’·
229 1003 234 1080 f
278 1022 280 1032 ·
335 1007 338 1022 ⁴
394 1001 408 1032 ⁰
436 997 502 1123 'lte
534 995 1010 1124 ticinis·''ruaniutouialibua

348 1220 351 1228 i
388 1219 390 1225 ·
458 1183 481 1238 μί
524 1207 530 1236 1
586 1223 609 1236 ῃ,
648 1209 713 1225 νου
731 1205 802 1224 νᾶεν
864 1215 878 1229 ¹.

250 1354 410 1434 limusque
434 1360 551 1438 egimus
575 1353 612 1414 de
638 1317 754 1438 legibus
771 1299 1002 1432 uniuersalibus}
1025 1371 1078 1434 per
1101 1370 1174 1434 quas
1192 1350 1311 1412 Eccle-

163 1460 205 1517 sia
229 1473 268 1516 ex
292 1466 437 1538 poa-state
460 1457 607 1520 aCbristo
618 1458 747 1520 Domino
770 1460 825 1520 sibi
850 1460 956 1522 tradita
981 1464 1057 1518 inter
1079 1456 1198 1518 diversa
1223 1461 1310 1514 tom-

163 1577 267 1638 porum
288 1565 321 1620 at
343 1561 476 1622 imorum
500 1560 638 1640 adjuncta
661 1566 793 1641 aprimis
809 1562 936 1624 saeculis
951 1576 1048 1640 usqua
1071 1557 1311 1620 aui-hodiernum

163 1661 253 1736 diem,
277 1661 306 1720 id
331 1668 517 1740 potissimum
537 1665 673 1726 obtinere
697 1665 857 1744 nitebatur,
882 1671 914 1726 ut
936 1664 1076 1744 conjugia
1099 1665 1176 1724 inter
1200 1659 1311 1722 fideles

162 1767 194 1824 in
217 1764 355 1826 omnibus
387 1774 487 1830 essent
517 1768 650 1830 tronosta.
695 1767 951 1841 Quemadmodum
985 1773 1083 1826 tamen
1115 1768 1146 1824 in
1175 1767 1311 1826 cacteris

164 1865 265 1942 rebuS,
288 1872 331 1929 sio
354 1874 443 1932 etiam
466 1876 497 1932 in
520 1890 552 1932 ro
566 1873 773 1934 matrimoniali
797 1871 915 1954 singula
938 1885 1076 1950 quaeque
1100 1883 1160 1928 uon
1181 1871 1312 1946 possunt

163 1968 200 2030 ad
223 1989 356 2032 normam
389 1980 461 2034 recti
493 1976 605 2036 ordinis
629 1975 719 2058 dirigi
753 1982 782 2034 et
804 1979 881 2034 intra
900 1974 999 2053 justos
1023 1971 1132 2032 limites
1156 1973 1311 2030 contineri

164 2089 218 2150 per
241 2072 325 2155 leges
349 2078 543 2154 universales,
568 2078 630 2153 sed,
656 2097 695 2140 ne
718 2077 843 2139 allectus
866 2077 981 2138 illarum
1005 2074 1105 2156 legum
1129 2077 1310 2150 evacuetur,

165 2193 242 2236 neve
266 2181 363 2238 minus
386 2180 524 2241 salutaris
547 2179 650 2242 datin
673 2181 876 2264 singularibus
900 2177 1017 2241 casibus
1042 2175 1080 2239 ob
1104 2179 1310 2236 circumstan-

165 2281 219 2338 tias
243 2279 418 2359 peculiares,
445 2302 501 2344 non
526 2303 593 2345 raro
616 2285 748 2362 obvenit,
773 2290 804 2343 ut
827 2301 875 2344 res
899 2299 1019 2365 graves,
1043 2297 1117 2360 quas
1135 2282 1310 2361 generatim

165 2399 270 2442 causas
297 2383 455 2462 judiciales
480 2405 637 2464 vocamus,
671 2405 722 2466 per
750 2386 909 2466 specialem
929 2385 1039 2466 judicis
1071 2384 1253 2443 sententiam
1279 2387 1311 2442 et

166 2482 392 2562 dispositionem
410 2492 438 2548 iu
458 2487 532 2566 loro,
550 2493 611 2550 turn
625 2493 767 2571 gratioso,
793 2495 853 2550 tum
870 2491 1067 2560 contentioso,
1094 2482 1311 2565 dijudicandae

167 2593 196 2645 et
213 2587 397 2650 ordinandae
421 2597 610 2666 r·omaneant;
634 2611 758 2672 quarum
776 2596 952 2672 praecipuae
964 2594 994 2650 in
1011 2593 1134 2650 materia
1147 2590 1310 2648 matrimo-

167 2687 249 2768 nii¹)‚
266 2690 303 2751 de
319 2699 512 2776 quaagimus,
525 2700 883 2772 quatuorenumerantur,
900 2693 1053 2754 videlicet:
1074 2690 1101 2766 l)
1113 2692 1307 2770 Dispensatio

92 2801 96 2808 '
167 2794 457 2872 impedimentorum.
506 2795 540 2869 2)
570 2797 755 2860 lievalidatio
786 2801 965 2858 matrimonii
993 2795 1124 2856 invalide
1147 2798 1308 2857 contracti.

167 2892 201 2970 3)
224 2895 391 2958 Divertium
422 2918 476 2960 seu
506 2904 653 2978 separatio
676 2901 837 2982 conjugum
862 2899 959 2979 quoad
988 2896 1104 2960 thorum
1128 2904 1159 2959 ot
1181 2897 1310 2960 cohabi-

168 3001 318 3059 tationem.
362 2995 398 3077 d)
421 3002 584 3064 Annnlatio
614 3021 668 3063 seu
691 3001 847 3064 dissolutio
872 3006 1052 3064 matrimonii
1075 3000 1205 3063 invalide
1228 3003 1309 3062 cun¹

167 3105 254 3161 tracti
277 3109 306 3160 et
328 3105 499 3166 insanabilis
522 3105 560 3166 ob
582 3105 828 3184 impedimentum
852 3105 972 3185 aliquod
995 3104 1241 3185 indispensabile.

196 3351 217 3416 ¹)
237 3353 388 3416 Quaeritur,
407 3371 472 3422 quae
491 3371 583 3406 causae
595 3356 642 3410 liic
660 3358 762 3405 nomino
782 3351 999 3405 matrimonialium
1018 3353 1137 3405 veniant?
1157 3357 1184 3418 lt.
1205 3354 1310 3420 Proprie

237 3439 284 3488 lioc
302 3442 403 3491 nomine
419 3444 524 3492 veniunt
544 3441 609 3502 illae,
636 3441 725 3508 quibus
744 3443 914 3492 controversia
933 3449 958 3490 et
981 3443 1093 3509 quaestio
1112 3449 1150 3491 est
1167 3440 1199 3492 de
1219 3443 1309 3492 matri-

238 3527 314 3574 monii
333 3533 358 3574 et
375 3526 531 3592 sponsalium
553 3535 656 3588 natura,
682 3527 713 3576 de
732 3527 868 3596 conjugum
888 3535 913 3576 et
931 3541 1078 3591 sponsorum
1095 3525 1197 3592 juribus
1216 3535 1243 3579 et
1261 3528 1308 3578 ob·

237 3609 413 3677 ligationibus,
434 3612 465 3661 dc
484 3613 638 3678 sponsalium
657 3621 682 3663 et
709 3616 860 3664 matrimonii
884 3613 985 3676 valore,
1013 3613 1045 3664 de
1068 3615 1179 3680 ipsorum
1199 3613 1310 3681 impedi·

238 3699 341 3759 urentis,
360 3697 588 3764 dispensationibus
615 3702 639 3748 in
659 3699 801 3764 hujusmodi
826 3701 1028 3768 impedimentis,
1053 3701 1131 3765 ipsius
1156 3702 1308 3751 matrimonii

237 3783 408 3846 dissolutione,
426 3793 469 3834 nut
487 3784 698 3852 redintegratione
716 3795 839 3836 etc-nam
858 3786 890 3836 de
908 3787 946 3836 his
965 3795 989 3838 et
1007 3784 1138 3848 similibus,
1156 3787 1223 3836 sicut
1240 3786 1308 3854 leges
1330 3803 1332 3808 ·

237 3871 359 3933 condere,
385 3874 419 3922 ita
438 3881 462 3922 ot
484 3873 667 3922 controversias
691 3886 768 3936 super
791 3871 840 3922 illis
865 3882 963 3924 exortas
986 3873 1102 3924 decidere
1120 3871 1309 3924 ecclesiastieae

239 3963 277 4008 est
295 3960 433 4024 potestatis.
456 3987 477 3996 -
502 3955 654 4027 Scbmalzgr.
674 3959 709 4010 tit.
721 3957 810 4016 xvttt,
829 3975 854 4018 n,
871 3961 894 4011 6.
