2764 4664
178 170 265 268 234]
597 191 677 246 casus
695 191 899 244 matrimoniales.

178 359 259 417 esset
288 373 355 418 eum
384 351 572 436 adstringere
601 349 637 412 ad
667 345 893 411 cohabitandum
925 367 992 413 cum
1016 355 1108 432 prima
1131 371 1245 433 uxore,
1277 375 1314 419 ne

178 477 248 520 vcra
272 461 421 522 existente
444 473 496 518 sua
520 458 665 516 assertiva
688 467 778 532 super
793 467 942 514 consensu
965 453 1045 530 licto,
1067 457 1098 518 in
1122 457 1190 520 soro
1206 459 1312 522 saltem

176 560 313 640 interno,
342 559 536 641 praeberetur
564 559 684 618 occasio
713 553 920 618 committendi
952 557 1149 638 adulterium,
1182 561 1313 642 ideoque

176 659 322 748 'lheologi
344 663 466 725 suntin
489 677 600 737 sensu,
623 657 704 739 quod
726 661 757 718 in
779 655 836 720 hoc
858 675 931 722 casu
952 659 1103 723 Praelatus
1125 661 1183 726 hoc
1202 665 1312 746 jubere

177 783 237 829 non
258 765 376 828 debeat.
425 763 529 825 Tertia
552 761 672 823 demum
696 766 759 837 est,
788 759 869 840 quod
891 766 939 823 vir
960 763 1127 826 secundum
1152 773 1313 832 matrimo-

135 942 138 950 .
176 871 258 930 nium
281 871 431 931 contraxit
452 873 483 927 et
503 867 740 941 consummavit,
764 881 832 924 nam
856 869 912 926 etsi
935 869 1062 945 primum
1088 875 1311 934 matrimonium

174 970 269 1041 ratum
296 975 354 1034 rite
382 973 569 1032 contractum
598 985 659 1030 non
686 969 781 1048 possit
809 965 931 1030 dissolvi
964 987 1017 1050 per
1045 971 1211 1034 secundum
1242 993 1311 1037 cum

174 1073 239 1137 alia
254 1078 438 1138 contractum
461 1077 492 1134 et
510 1073 768 1151 consummatum,;
789 1073 921 1132 attamen
943 1071 980 1134 ad
1008 1073 1146 1135 evitanda
1169 1077 1313 1140 scandala

172 1177 326 1240 ini'amiam
349 1174 497 1239 secundae
519 1173 654 1237 mulieris
676 1192 710 1235 ac
731 1177 889 1236 innumera
912 1181 1043 1256 peccata,
1066 1193 1144 1257 quae
1161 1179 1233 1240 inde
1258 1199 1313 1242 se-

173 1285 352 1362 querentur,
378 1277 489 1361 justam
513 1281 543 1339 ct
566 1275 771 1339 rationabilem
794 1291 913 1339 causam
939 1295 1006 1340 esse
1029 1295 1082 1358 pro
1105 1280 1313 1361 dispensando

172 1400 263 1464 super
285 1386 381 1464 primo
404 1385 593 1448 matrimonio
615 1384 690 1456 rato,
715 1379 820 1460 probat
841 1383 871 1440 in
895 1384 996 1462 specie
1019 1381 1057 1442 de
1073 1381 1178 1462 Justis,
1204 1393 1235 1446 et
1263 1393 1312 1447 te-

171 1487 276 1564 statur,
297 1489 340 1550 iia
362 1484 456 1548 luisse
472 1485 677 1565 dispensatum
699 1481 836 1544 insimili
859 1497 930 1545 casu
952 1487 1069 1546 occulto
1085 1503 1140 1566 per
1156 1505 1179 1550 s.
1196 1487 1313 1551 Poeni-

170 1583 339 1652 tentiariam
364 1640 369 1651 .
395 1634 402 1647 .
426 1638 433 1652 .
457 1587 494 1650 Et
515 1605 553 1649 eo
576 1589 671 1669 magis
693 1584 768 1647 haec
791 1602 901 1669 urgere
913 1585 1074 1661 uideretur,
1100 1593 1125 1649 si
1149 1609 1218 1652 cum
1244 1593 1314 1654 aliis

170 1691 319 1772 prioribus
335 1690 464 1771 casibus,
488 1695 521 1752 ut
543 1707 597 1770 par
619 1693 674 1765 est,
698 1685 819 1750 insimul
838 1687 989 1772 Jungatnr.
1013 1690 1041 1754 S.
1057 1691 1087 1752 C.
1103 1691 1134 1752 C.
1150 1691 1187 1754 ad
1211 1711 1313 1774 quae-

170 1799 307 1874 stionem,
331 1812 370 1857 an
393 1799 424 1856 ct
446 1792 597 1876 quomodo
618 1795 658 1853 sit
680 1787 896 1871 providendum
920 1795 950 1852 ln
974 1809 1045 1854 casu
1068 1800 1124 1856 etc.
1152 1797 1313 1877 respondit

172 1893 220 1959 12.
249 1893 335 1960 biart.
367 1894 465 1961 17292
503 1893 574 1976 „hd
604 1895 640 1957 D.
669 1893 868 1956 secretarium
900 1911 967 1954 cum
999 1893 1193 1962 Sanctissimo
1220 1901 1313 1982 juxta

168 2001 332 2063 mentem.“
346 1997 372 2075 ¹)
396 1998 488 2073 Quod.
505 2003 604 2062 autem
628 2001 781 2078 provisum
807 1995 862 2058 luit
879 2000 912 2056 in
929 2013 1001 2060 casn
1024 2014 1078 2077 per
1100 1996 1312 2081 dispensatio-

168 2117 238 2163 nem
261 2119 352 2184 super
370 2105 467 2184 primo
483 2103 672 2164 matrimonio
690 2105 766 2179 rato,
791 2102 870 2177 patet
889 2115 928 2186 er
941 2097 1035 2164 Causa
1050 2101 1192 2185 Pragcnsi
1216 2113 1308 2167 antea

168 2203 307 2283 relata')

609 2371 660 2435 Ga
673 2389 688 2436 s
701 2391 722 2434 u
734 2390 750 2436 s
782 2369 860 2436 lllll.

648 2501 822 2577 Ligamen.

252 2644 342 2708 Anno
373 2621 454 2708 17'02
485 2642 649 2706 Mediolani
684 2647 785 2726 nupsit
815 2643 955 2708 Therasia
986 2645 1110 2708 Canetta
1140 2650 1306 2716 Francisco

166 2745 270 2811 Smitb.
294 2747 455 2828 Superiora
477 2752 577 2809 autem
592 2764 682 2821 anno,
704 2745 733 2808 h.
749 2763 775 2810 e.
791 2767 817 2812 a.
833 2745 925 2828 1733,
950 2767 1018 2811 cum
1037 2749 1143 2812 eadem
1159 2753 1307 2818 Therasia

166 2855 237 2914 tunc
259 2849 365 2931 Papiae
387 2847 571 2914 domicilium
593 2845 705 2911 habens
728 2848 766 2912 ad
789 2849 863 2914 alias
884 2857 1010 2914 transire
1034 2859 1152 2932 nuptias
1174 2865 1306 2938 cuperet

165 2970 233 3016 cum
255 2951 390 3016 Antonio
414 2950 564 3030 Cumello,
596 2957 629 3014 ut
652 2949 689 3012 de
712 2955 757 3013 sui
780 2957 874 3014 status
897 2953 1035 3016 libertate
1058 2955 1198 3036 doceret,
1225 2978 1306 3040 pro-

166 3053 234 3118 tulit
264 3054 506 3118 testificationem
540 3053 578 3116 de
612 3053 695 3116 obitu
727 3053 876 3116 Franciscl
906 3055 1008 3120 Smith.
1054 3057 1136 3121 llaec
1168 3061 1305 3142 Hispano

164 3155 307 3220 idiomate
335 3162 457 3222 exarata
486 3162 530 3220 sic
553 3157 654 3220 habet:
692 3155 816 3220 Constat
838 3177 883 3224 ex,
899 3159 976 3224 libro
1007 3161 1133 3224 militum
1158 3169 1218 3226 vita
1244 3165 1305 3228 dc-

165 3258 336 3322 functorum
359 3276 398 3322 ex
419 3259 544 3324 cohorte
566 3265 753 3323 centurionis
769 3259 891 3344 losepbi
909 3261 1009 3346 Lopez
1028 3271 1083 3328 etc.
1108 3265 1302 3330 Franciscum

102 3363 108 3372 “
166 3359 260 3426 Smith
283 3360 464 3426 Germanum
494 3369 524 3424 et
553 3363 687 3444 ejusdem
717 3361 852 3427 cohortis
874 3365 1051 3450 Chirurgum
1082 3375 1209 3430 mortem
1242 3390 1304 3450 op-

165 3467 287 3543 petiisse
309 3463 358 3526 die
379 3461 430 3529 20.
449 3463 598 3546 Septemb.
624 3465 704 3530 1717
728 3471 758 3527 et
780 3465 930 3530 humatum
955 3469 1049 3533 luisse
1072 3469 1121 3532 die
1147 3467 1195 3534 19.
1213 3473 1303 3553 eJ‘us-

164 3566 232 3628 dem
255 3570 376 3630 mensis.
405 3567 446 3630 lta
469 3572 566 3632 testor
587 3569 682 3632 Albae
703 3587 832 3654 graecae
855 3571 904 3632 die
927 3571 956 3635 2.
972 3572 1093 3638 Octobr.
1110 3571 1203 3638 1717.
1232 3575 1301 3660 Ego

163 3668 315 3732 Antonius
332 3667 385 3732 'La
407 3668 490 3754 Vega
522 3669 698 3752 Capelianus
726 3671 879 3756 Legionis.
922 3673 994 3739 Erat
1022 3682 1112 3740 etiam
1141 3679 1301 3762 obsignata

166 3807 371 3818 1-———

181 3871 203 3936 ¹)
221 3871 341 3926 Thesaur.
359 3871 461 3924 resolui.
480 3882 539 3924 tom.
558 3875 582 3924 4.
601 3891 625 3941 p.
645 3875 703 3927 265.

181 3955 203 4022 ²)
221 3955 294 4010 Thes.
312 3957 416 4019 resolui,
435 3955 517 4011 Causa
532 3957 638 4029 Prapen.
657 3965 715 4012 mm.
733 3961 757 4012 5.
777 3977 801 4030 p.
823 3962 879 4016 iso.
897 3965 922 4030 s,
942 3966 983 4018 32.
1001 3976 1098 4036 quaeat.
1116 3966 1141 4022 3.
