2758 4664
78 227 84 236 .
176 175 242 246 ata
568 195 605 250 oa
628 193 717 249 aaa·
735 193 969 250 marano-anon.

177 371 238 418 non
259 353 430 418 obtineatur
450 357 482 416 in
505 352 594 417 Curta
616 353 769 434 Romana,
793 352 986 454 probabiliter
1007 345 1195 435 dispensatio
1218 355 1313 420 valida

179 463 235 520 est.
275 457 312 534 2)
342 455 423 518 idem
458 455 618 520 dicendum
641 463 688 520 est
709 462 742 519 in
765 475 837 520 casu
859 461 971 519 erroris
993 456 1031 519 de
1060 459 1128 521 loeo
1151 465 1313 522 oratorum.

178 559 214 639 3)
237 561 270 623 in
292 577 364 622 casu
387 565 498 624 erroris
521 561 559 623 de
581 560 795 641 impedimento
818 565 959 641 interest,
989 581 1029 624 an
1052 580 1138 624 error
1159 567 1315 645 contingat

57 719 58 722 ,
177 669 209 728 in
233 683 350 748 genere
372 665 588 745 impedimenti,
612 683 650 726 nn
682 671 794 728 tantum
817 669 848 726 in
872 683 998 730 numero
1021 665 1180 748 graduum.
1227 665 1259 727 Si
1282 670 1312 727 in

179 785 295 853 genere
306 767 596 848 impedimentorum,
620 769 759 849 ponendo
771 769 946 832 affinitatem
960 787 1013 850 pro
1031 773 1308 852 consanguinitate,

180 877 211 934 et
232 875 384 950 aiomsim,
407 871 589 952 dispensatio
611 876 746 949 vitiatnr3
769 879 837 954 quia
859 871 934 934 haee
957 878 1003 934 est
1024 876 1145 934 strictae
1155 875 1314 954 interpre-

181 977 302 1060 tationis
325 980 356 1035 et
378 992 438 1038 non
462 975 635 1037 extenditur
655 975 731 1038 ultra
754 993 910 1056 expressa3
934 980 960 1038 si
973 979 1004 1036 in
1014 993 1140 1037 numero
1154 974 1314 1060 graduum,

179 1076 423 1161 distinguendum
447 1083 511 1156 est,
545 1097 583 1140 au
613 1083 758 1142 remotior
785 1087 911 1160 ponatur
932 1097 986 1160 pro
1008 1082 1247 1160 propinquiore,
1280 1098 1315 1140 an

177 1183 246 1242 viee
268 1197 374 1255 versn;
396 1184 421 1242 si
444 1185 587 1261 primum,
611 1185 719 1244 iterum
743 1187 865 1245 vitiatur
887 1182 1083 1263 dispensatim
1114 1185 1184 1262 quia
1208 1185 1242 1242 in
1265 1200 1316 1243 re-

179 1287 306 1346 motiore
328 1283 445 1345 facilius
466 1283 669 1364 dispensatum
692 1285 903 1360 sismundum,
930 1285 1113 1366 dispensatio
1131 1285 1224 1362 valet,
1249 1289 1317 1364 quta

124 1407 127 1412 ·
169 1385 364 1468 dispensatio
386 1390 416 1448 in
441 1387 545 1468 majori
569 1392 703 1450 continet
725 1388 977 1470 dispensationem
1001 1393 1032 1450 in
1056 1387 1163 1450 minori
1178 1387 1317 1469 ejusdem

180 1494 302 1572 speciei.
348 1489 414 1564 (Ita
442 1493 643 1554 communiter
670 1498 773 1554 eontra
803 1495 949 1572 paucos.)
978 1525 1023 1578 2*
1045 1491 1078 1552 iu
1101 1491 1199 1575 gradu
1225 1494 1317 1552 mixto

179 1599 325 1660 remotior
347 1595 434 1657 trahit
455 1595 493 1658 ad
515 1613 549 1658 se
562 1599 817 1677 propinquiorem,
840 1594 1032 1659 nihilominus
1047 1597 1318 1675 propinquiores-

179 1697 353 1779 primendus
375 1704 437 1777 est,
473 1704 503 1760 et
534 1697 654 1780 quidem
687 1697 742 1762 sub
778 1715 874 1778 poena
908 1699 1051 1761 nuditatis
1073 1697 1316 1776 dispensationis,

181 1801 300 1883 quando
323 1801 434 1885 gradus
455 1806 600 1866 remotior
621 1807 749 1882 primum
772 1801 899 1886 gradum
922 1805 1049 1886 attingit.
1063 1799 1088 1874 ¹)

266 1921 315 1992 tit,
338 1921 383 1984 Ex
406 1923 511 2003 copula
533 1922 570 1984 ab
592 1921 766 1984 Oratoribus
788 1921 886 1984 habita
908 1922 1108 2004 multiplieiter
1130 1919 1317 2001 dispensatio

179 2029 277 2089 vitiari
301 2031 410 2107 potest,
434 2025 550 2088 scilieet
990 2035 996 2046 ’

211 2127 244 2208 1)
267 2127 297 2193 Si
320 2129 426 2209 copula
450 2129 544 2190 habita
569 2131 608 2192 sit
630 2145 669 2190 ex
693 2129 840 2192 malitiosa
860 2133 1029 2192 intentione
1051 2127 1089 2190 ad
1112 2126 1231 2188 facilius
1258 2125 1314 2189 ob-

264 2229 417 2293 tinendam
441 2232 712 2312 dispensationem,
745 2229 819 2293 haee
841 2236 967 2294 intentio
990 2231 1045 2294 sub
1068 2245 1164 2312 poena
1189 2229 1317 2292 nullita-

266 2338 304 2398 tis
326 2339 501 2414 impetratae
523 2317 756 2416 dispensationis
778 2341 945 2399 annotetur.
956 2332 983 2410 ²)

209 2439 244 2515 2)
268 2439 297 2503 st
321 2437 427 2518 eopuia
449 2438 557 2514 habita,
581 2443 646 2499 sive
668 2442 708 2511 sit
729 2437 857 2518 publiea,
880 2444 946 2500 sive
968 2434 1095 2516 oeeuita,
1119 2440 1245 2500 omnino
1268 2453 1321 2496 re-

267 2546 403 2618 ticeatur,
428 2541 639 2622 quatecunque
668 2545 757 2602 etiam
781 2541 1028 2620 impedimentum
1053 2539 1162 2618 suerit,
1197 2539 1237 2602 de
1262 2557 1320 2621 quo

267 2645 447 2724 dispensatio
470 2641 627 2724 petitur‚·'')
651 2644 835 2725 dispensatio
858 2651 905 2706 est
926 2643 1016 2707 nulia.

211 2746 249 2826 3)
271 2746 301 2811 Si
326 2746 399 2810 falso
429 2746 579 2829 allegetur
606 2748 713 2828 copula
743 2751 823 2810 inter
845 2746 988 2812 Oratores
1010 2745 1109 2810 habita
1133 2746 1318 2826 dispensatio

267 2854 380 2932 pariter
402 2845 570 2923 vitiatur.⁴)

207 2947 247 3030 4)
271 2952 302 3016 Si
325 2956 375 3034 qui
397 2971 471 3016 vero
493 2960 630 3016 oratores
652 2959 718 3034 post
742 2957 860 3032 petitam
884 2953 1136 3036 dispensationem
1159 2957 1228 3016 sive
1252 2957 1318 3034 post

267 3055 347 3118 illius
370 3056 592 3136 expeditionem
615 3060 645 3118 et
667 3063 737 3118 ante
759 3061 957 3136 respectivam
970 3061 1181 3120 executionem
1192 3056 1320 3137 dispen-

268 3161 392 3222 sationis
423 3160 573 3222 carnalem
605 3165 686 3224 inter
707 3178 740 3222 se
763 3159 918 3222 habuerint
941 3159 1095 3240 copulam,
1128 3159 1199 3222 lieet
1234 3165 1320 3222 antea

180 3357 387 3370 “auu—n-

208 3465 231 3532 1)
249 3465 307 3517 Pius
326 3464 355 3514 V.
373 3465 597 3527 „Snnetissa'mns“
616 3468 657 3518 20.
676 3466 740 3536 Aug.
762 3467 836 3520 ista.
862 3465 886 3517 S.
904 3464 932 3518 0.
953 3464 981 3518 C.
1002 3465 1042 3518 18.
1060 3464 1132 3517 tiam
1152 3463 1229 3516 1722.
1268 3463 1320 3516 tta-

250 3551 342 3602 nediet.
360 3549 424 3602 xiv.
444 3550 526 3613 „Etsi
541 3551 760 3604 matrimonialis“
779 3553 820 3604 30.
838 3553 907 3620 Sept.
929 3552 1003 3604 1755.

212 3639 235 3706 ²)
252 3633 382 3690 Benedict.
400 3635 465 3688 xit.
486 3637 599 3700 „Pastor
617 3638 713 3692 tonum
735 3638 774 3690 13.
793 3639 853 3705 Apr.
874 3639 947 3690 1755.
960 3638 1043 3702 3.-12.

210 3725 233 3793 1)
252 3723 396 3789 Sententia,
415 3739 480 3793 quae
499 3731 582 3788 tenet,
600 3725 716 3791 copulam
735 3725 845 3776 habitam
864 3723 986 3776 duntaxat
1004 3739 1059 3774 esse
1078 3721 1284 3790 exprimendam,
1301 3723 1321 3774 ai

251 3821 340 3882 agatur
362 3811 395 3863 de
412 3809 593 3878 impedimento
619 3813 842 3880 consanguinitatis
861 3811 901 3864 vei
925 3809 1064 3874 affinitatis,
1087 3823 1139 3860 nou
1162 3816 1212 3860 stat
1236 3816 1320 3860 eontra

253 3898 317 3950 deci.
336 3897 361 3951 S.
380 3897 409 3951 G.
428 3895 456 3956 C,
476 3895 544 3964 apud
563 3895 666 3949 Corrad.
686 3897 729 3948 lib.
748 3897 771 3949 8.
791 3913 812 3950 c.
834 3897 855 3949 1.
892 3895 985 3950 Bened.
1003 3895 1068 3948 xit.
1086 3894 1105 3948 i.
1122 3911 1144 3946 o.
1163 3896 1188 3962 s.
1206 3893 1249 3946 41.

210 3984 235 4054 ⁴)
252 3981 347 4038 Bened.
365 3983 430 4038 xit.
448 3984 529 4038 luant.
548 3984 590 4037 87.
