<?xml version="1.0" encoding="UTF-8"?>
<!DOCTYPE html PUBLIC "-//W3C//DTD XHTML 1.0 Transitional//EN"
    "http://www.w3.org/TR/xhtml1/DTD/xhtml1-transitional.dtd">
<html xmlns="http://www.w3.org/1999/xhtml" xml:lang="en" lang="en">
 <head>
  <title>
</title>
<meta http-equiv="Content-Type" content="text/html;charset=utf-8" />
  <meta name='ocr-system' content='tesseract 3.04.00' />
  <meta name='ocr-capabilities' content='ocr_page ocr_carea ocr_par ocr_line ocrx_word'/>
</head>
<body>
  <div class='ocr_page' id='page_1' title='image "./dematrimoniotra00heisgoog_0278.png"; bbox 0 0 2764 4664; ppageno 0'>
   <div class='ocr_carea' id='block_1_1' title="bbox 422 225 1182 306">
    <p class='ocr_par' dir='ltr' id='par_1_1' title="bbox 422 225 1182 306">
     <span class='ocr_line' id='line_1_1' title="bbox 422 225 1182 306; baseline -0.005 0"><span class='ocrx_word' id='word_1_1' title='bbox 422 243 817 306; x_wconf 67' lang='lat' dir='ltr'><strong>uoauasnaannama.</strong></span> <span class='ocrx_word' id='word_1_2' title='bbox 1120 225 1182 302; x_wconf 74' lang='lat'><strong>253</strong></span> 
     </span>
    </p>
   </div>
   <div class='ocr_carea' id='block_1_2' title="bbox 45 409 1268 2346">
    <p class='ocr_par' dir='ltr' id='par_1_2' title="bbox 45 409 1268 2346">
     <span class='ocr_line' id='line_1_2' title="bbox 47 409 1184 495; baseline -0.006 -18"><span class='ocrx_word' id='word_1_3' title='bbox 47 419 194 495; x_wconf 73' lang='lat' dir='ltr'><strong>separatio</strong></span> <span class='ocrx_word' id='word_1_4' title='bbox 218 411 423 475; x_wconf 87' lang='lat' dir='ltr'><strong>tantummodo</strong></span> <span class='ocrx_word' id='word_1_5' title='bbox 447 413 478 474; x_wconf 84' lang='lat' dir='ltr'><strong>it</strong></span> <span class='ocrx_word' id='word_1_6' title='bbox 501 411 538 472; x_wconf 90' lang='lat' dir='ltr'><strong>ad</strong></span> <span class='ocrx_word' id='word_1_7' title='bbox 562 417 690 491; x_wconf 81' lang='lat' dir='ltr'><strong>tempus,</strong></span> <span class='ocrx_word' id='word_1_8' title='bbox 713 409 828 472; x_wconf 89' lang='lat' dir='ltr'><strong>scilicet</strong></span> <span class='ocrx_word' id='word_1_9' title='bbox 850 410 946 472; x_wconf 90' lang='lat' dir='ltr'><strong>donec</strong></span> <span class='ocrx_word' id='word_1_10' title='bbox 969 427 1058 472; x_wconf 85' lang='lat' dir='ltr'><strong>causa</strong></span> <span class='ocrx_word' id='word_1_11' title='bbox 1083 409 1184 484; x_wconf 85' lang='lat' dir='ltr'><strong>duret3</strong></span> 
     </span>
     <span class='ocr_line' id='line_1_3' title="bbox 45 512 1117 595; baseline -0.002 -17"><span class='ocrx_word' id='word_1_12' title='bbox 45 522 99 579; x_wconf 91' lang='lat' dir='ltr'><strong>nisi</strong></span> <span class='ocrx_word' id='word_1_13' title='bbox 123 518 247 580; x_wconf 72' lang='lat' dir='ltr'><strong>forsitan</strong></span> <span class='ocrx_word' id='word_1_14' title='bbox 270 533 323 595; x_wconf 88' lang='lat' dir='ltr'><strong>per</strong></span> <span class='ocrx_word' id='word_1_15' title='bbox 346 520 525 576; x_wconf 75' lang='lat' dir='ltr'><strong>sententiam</strong></span> <span class='ocrx_word' id='word_1_16' title='bbox 545 514 656 595; x_wconf 86' lang='lat' dir='ltr'><strong>judicis</strong></span> <span class='ocrx_word' id='word_1_17' title='bbox 678 519 900 594; x_wconf 87' lang='lat' dir='ltr'><strong>inperpetuum</strong></span> <span class='ocrx_word' id='word_1_18' title='bbox 925 512 1001 575; x_wconf 83' lang='lat' dir='ltr'><strong>lacta</strong></span> <span class='ocrx_word' id='word_1_19' title='bbox 1020 513 1117 576; x_wconf 86' lang='lat' dir='ltr'><strong>fuerit.</strong></span> 
     </span>
     <span class='ocr_line' id='line_1_4' title="bbox 135 620 1096 695; baseline -0.005 -14"><span class='ocrx_word' id='word_1_20' title='bbox 135 620 297 695; x_wconf 73' lang='lat' dir='ltr'><strong>Quaestio.</strong></span> <span class='ocrx_word' id='word_1_21' title='bbox 1090 629 1096 638; x_wconf 84' lang='lat'><strong>·</strong></span> 
     </span>
     <span class='ocr_line' id='line_1_5' title="bbox 133 719 1185 802; baseline -0.004 -17"><span class='ocrx_word' id='word_1_22' title='bbox 133 725 305 800; x_wconf 77' lang='lat' dir='ltr'><strong>Quaeritur</strong></span> <span class='ocrx_word' id='word_1_23' title='bbox 323 719 369 792; x_wconf 74' lang='lat'><strong>1⁰)</strong></span> <span class='ocrx_word' id='word_1_24' title='bbox 394 722 497 802; x_wconf 91' lang='lat' dir='ltr'><strong>quales</strong></span> <span class='ocrx_word' id='word_1_25' title='bbox 520 720 710 802; x_wconf 66' lang='lat' dir='ltr'><strong>probationes</strong></span> <span class='ocrx_word' id='word_1_26' title='bbox 734 723 934 801; x_wconf 76' lang='lat' dir='ltr'><strong>requirantur,</strong></span> <span class='ocrx_word' id='word_1_27' title='bbox 958 725 990 780; x_wconf 93' lang='lat' dir='ltr'><strong>ut</strong></span> <span class='ocrx_word' id='word_1_28' title='bbox 1009 719 1107 800; x_wconf 86' lang='lat' dir='ltr'><strong>judex</strong></span> <span class='ocrx_word' id='word_1_29' title='bbox 1129 737 1185 782; x_wconf 89' lang='lat' dir='ltr'><strong>ec-</strong></span> 
     </span>
     <span class='ocr_line' id='line_1_6' title="bbox 47 805 1185 902; baseline -0.008 -12"><span class='ocrx_word' id='word_1_30' title='bbox 47 805 233 890; x_wconf 84' lang='lat' dir='ltr'><strong>clesiasticus</strong></span> <span class='ocrx_word' id='word_1_31' title='bbox 255 830 372 886; x_wconf 92' lang='lat' dir='ltr'><strong>ratione</strong></span> <span class='ocrx_word' id='word_1_32' title='bbox 395 823 531 885; x_wconf 90' lang='lat' dir='ltr'><strong>adulterii</strong></span> <span class='ocrx_word' id='word_1_33' title='bbox 556 827 736 885; x_wconf 90' lang='lat' dir='ltr'><strong>senteutiam</strong></span> <span class='ocrx_word' id='word_1_34' title='bbox 766 821 884 883; x_wconf 87' lang='lat' dir='ltr'><strong>divortii</strong></span> <span class='ocrx_word' id='word_1_35' title='bbox 910 821 1047 901; x_wconf 87' lang='lat' dir='ltr'><strong>prolerre</strong></span> <span class='ocrx_word' id='word_1_36' title='bbox 1069 821 1185 902; x_wconf 80' lang='lat' dir='ltr'><strong>possit?</strong></span> 
     </span>
     <span class='ocr_line' id='line_1_7' title="bbox 133 925 1186 1010; baseline -0.008 -18"><span class='ocrx_word' id='word_1_37' title='bbox 133 935 167 1010; x_wconf 71' lang='lat' dir='ltr'><strong>li.</strong></span> <span class='ocrx_word' id='word_1_38' title='bbox 201 927 358 992; x_wconf 87' lang='lat' dir='ltr'><strong>Sullioiunt</strong></span> <span class='ocrx_word' id='word_1_39' title='bbox 387 928 578 1008; x_wconf 83' lang='lat' dir='ltr'><strong>conjecturae</strong></span> <span class='ocrx_word' id='word_1_40' title='bbox 609 935 636 987; x_wconf 90' lang='lat' dir='ltr'><strong>el</strong></span> <span class='ocrx_word' id='word_1_41' title='bbox 666 930 924 1006; x_wconf 84' lang='lat' dir='ltr'><strong>praesumptiones</strong></span> <span class='ocrx_word' id='word_1_42' title='bbox 947 925 1115 1002; x_wconf 89' lang='lat' dir='ltr'><strong>violentae,</strong></span> <span class='ocrx_word' id='word_1_43' title='bbox 1146 941 1186 985; x_wconf 84' lang='lat' dir='ltr'><strong>err</strong></span> 
     </span>
     <span class='ocr_line' id='line_1_8' title="bbox 46 1027 1185 1114; baseline -0.008 -18"><span class='ocrx_word' id='word_1_44' title='bbox 46 1033 170 1114; x_wconf 89' lang='lat' dir='ltr'><strong>quibus,</strong></span> <span class='ocrx_word' id='word_1_45' title='bbox 203 1035 227 1092; x_wconf 94' lang='lat' dir='ltr'><strong>si</strong></span> <span class='ocrx_word' id='word_1_46' title='bbox 252 1047 311 1092; x_wconf 83' lang='lat' dir='ltr'><strong>non</strong></span> <span class='ocrx_word' id='word_1_47' title='bbox 335 1027 472 1110; x_wconf 83' lang='lat' dir='ltr'><strong>physica,</strong></span> <span class='ocrx_word' id='word_1_48' title='bbox 502 1031 606 1092; x_wconf 89' lang='lat' dir='ltr'><strong>saltem</strong></span> <span class='ocrx_word' id='word_1_49' title='bbox 631 1029 752 1092; x_wconf 89' lang='lat' dir='ltr'><strong>moralis</strong></span> <span class='ocrx_word' id='word_1_50' title='bbox 775 1027 922 1090; x_wconf 85' lang='lat' dir='ltr'><strong>certitudo</strong></span> <span class='ocrx_word' id='word_1_51' title='bbox 945 1027 1120 1104; x_wconf 84' lang='lat' dir='ltr'><strong>inducatur,</strong></span> <span class='ocrx_word' id='word_1_52' title='bbox 1152 1031 1185 1090; x_wconf 92' lang='lat' dir='ltr'><strong>ul</strong></span> 
     </span>
     <span class='ocr_line' id='line_1_9' title="bbox 45 1131 1186 1214; baseline -0.005 -17"><span class='ocrx_word' id='word_1_53' title='bbox 45 1136 161 1198; x_wconf 87' lang='lat' dir='ltr'><strong>scilicet</strong></span> <span class='ocrx_word' id='word_1_54' title='bbox 184 1133 308 1214; x_wconf 81' lang='lat' dir='ltr'><strong>quilibet</strong></span> <span class='ocrx_word' id='word_1_55' title='bbox 331 1131 494 1213; x_wconf 87' lang='lat' dir='ltr'><strong>prudenter</strong></span> <span class='ocrx_word' id='word_1_56' title='bbox 516 1133 641 1196; x_wconf 84' lang='lat' dir='ltr'><strong>credere</strong></span> <span class='ocrx_word' id='word_1_57' title='bbox 664 1135 773 1214; x_wconf 90' lang='lat' dir='ltr'><strong>possit,</strong></span> <span class='ocrx_word' id='word_1_58' title='bbox 805 1131 982 1194; x_wconf 85' lang='lat' dir='ltr'><strong>adulterium</strong></span> <span class='ocrx_word' id='word_1_59' title='bbox 1007 1149 1075 1193; x_wconf 91' lang='lat' dir='ltr'><strong>esse</strong></span> <span class='ocrx_word' id='word_1_60' title='bbox 1098 1147 1186 1193; x_wconf 88' lang='lat' dir='ltr'><strong>com-</strong></span> 
     </span>
     <span class='ocr_line' id='line_1_10' title="bbox 47 1237 1185 1318; baseline -0.005 -16"><span class='ocrx_word' id='word_1_61' title='bbox 47 1245 182 1302; x_wconf 88' lang='lat' dir='ltr'><strong>missum.</strong></span> <span class='ocrx_word' id='word_1_62' title='bbox 221 1237 425 1300; x_wconf 87' lang='lat' dir='ltr'><strong>Desumuntur</strong></span> <span class='ocrx_word' id='word_1_63' title='bbox 449 1253 520 1296; x_wconf 88' lang='lat' dir='ltr'><strong>vero</strong></span> <span class='ocrx_word' id='word_1_64' title='bbox 543 1239 799 1318; x_wconf 87' lang='lat' dir='ltr'><strong>praesumptiones</strong></span> <span class='ocrx_word' id='word_1_65' title='bbox 821 1239 898 1295; x_wconf 88' lang='lat' dir='ltr'><strong>istae</strong></span> <span class='ocrx_word' id='word_1_66' title='bbox 920 1253 960 1294; x_wconf 84' lang='lat' dir='ltr'><strong>ex</strong></span> <span class='ocrx_word' id='word_1_67' title='bbox 983 1239 1185 1296; x_wconf 84' lang='lat' dir='ltr'><strong>circumstan-</strong></span> 
     </span>
     <span class='ocr_line' id='line_1_11' title="bbox 47 1337 1186 1420; baseline -0.007 -16"><span class='ocrx_word' id='word_1_68' title='bbox 47 1347 86 1404; x_wconf 90' lang='lat' dir='ltr'><strong>tia</strong></span> <span class='ocrx_word' id='word_1_69' title='bbox 116 1341 194 1419; x_wconf 89' lang='lat' dir='ltr'><strong>loci,</strong></span> <span class='ocrx_word' id='word_1_70' title='bbox 226 1343 384 1420; x_wconf 90' lang='lat' dir='ltr'><strong>temporis,</strong></span> <span class='ocrx_word' id='word_1_71' title='bbox 415 1345 445 1398; x_wconf 90' lang='lat' dir='ltr'><strong>et</strong></span> <span class='ocrx_word' id='word_1_72' title='bbox 475 1357 687 1418; x_wconf 72' lang='lat' dir='ltr'><strong>personarum,</strong></span> <span class='ocrx_word' id='word_1_73' title='bbox 717 1339 809 1399; x_wconf 90' lang='lat' dir='ltr'><strong>veluti</strong></span> <span class='ocrx_word' id='word_1_74' title='bbox 837 1342 861 1398; x_wconf 92' lang='lat' dir='ltr'><strong>si</strong></span> <span class='ocrx_word' id='word_1_75' title='bbox 886 1355 979 1413; x_wconf 88' lang='lat' dir='ltr'><strong>uxor,</strong></span> <span class='ocrx_word' id='word_1_76' title='bbox 1011 1338 1084 1399; x_wconf 88' lang='lat' dir='ltr'><strong>alias</strong></span> <span class='ocrx_word' id='word_1_77' title='bbox 1109 1337 1186 1399; x_wconf 90' lang='lat' dir='ltr'><strong>male</strong></span> 
     </span>
     <span class='ocr_line' id='line_1_12' title="bbox 48 1439 1186 1523; baseline -0.005 -15"><span class='ocrx_word' id='word_1_78' title='bbox 48 1445 201 1508; x_wconf 79' lang='lat' dir='ltr'><strong>diffamata</strong></span> <span class='ocrx_word' id='word_1_79' title='bbox 225 1449 275 1518; x_wconf 84' lang='lat' dir='ltr'><strong>apt</strong></span> <span class='ocrx_word' id='word_1_80' title='bbox 297 1448 434 1523; x_wconf 88' lang='lat' dir='ltr'><strong>suspecta</strong></span> <span class='ocrx_word' id='word_1_81' title='bbox 457 1443 520 1506; x_wconf 87' lang='lat' dir='ltr'><strong>sola</strong></span> <span class='ocrx_word' id='word_1_82' title='bbox 543 1461 611 1503; x_wconf 88' lang='lat' dir='ltr'><strong>cum</strong></span> <span class='ocrx_word' id='word_1_83' title='bbox 634 1441 715 1511; x_wconf 84' lang='lat' dir='ltr'><strong>solo,</strong></span> <span class='ocrx_word' id='word_1_84' title='bbox 746 1447 881 1522; x_wconf 88' lang='lat' dir='ltr'><strong>tempore</strong></span> <span class='ocrx_word' id='word_1_85' title='bbox 905 1447 934 1502; x_wconf 91' lang='lat' dir='ltr'><strong>et</strong></span> <span class='ocrx_word' id='word_1_86' title='bbox 957 1439 1024 1504; x_wconf 89' lang='lat' dir='ltr'><strong>loco</strong></span> <span class='ocrx_word' id='word_1_87' title='bbox 1052 1440 1088 1502; x_wconf 91' lang='lat' dir='ltr'><strong>ad</strong></span> <span class='ocrx_word' id='word_1_88' title='bbox 1111 1457 1186 1522; x_wconf 87' lang='lat' dir='ltr'><strong>pec-</strong></span> 
     </span>
     <span class='ocr_line' id='line_1_13' title="bbox 47 1541 1185 1626; baseline -0.006 -14"><span class='ocrx_word' id='word_1_89' title='bbox 47 1549 176 1612; x_wconf 89' lang='lat' dir='ltr'><strong>candum</strong></span> <span class='ocrx_word' id='word_1_90' title='bbox 201 1551 269 1626; x_wconf 87' lang='lat' dir='ltr'><strong>apto</strong></span> <span class='ocrx_word' id='word_1_91' title='bbox 292 1543 539 1625; x_wconf 82' lang='lat' dir='ltr'><strong>deprehendatur.</strong></span> <span class='ocrx_word' id='word_1_92' title='bbox 585 1545 708 1620; x_wconf 86' lang='lat' dir='ltr'><strong>Oscula,</strong></span> <span class='ocrx_word' id='word_1_93' title='bbox 733 1545 905 1624; x_wconf 76' lang='lat' dir='ltr'><strong>amplexuS,</strong></span> <span class='ocrx_word' id='word_1_94' title='bbox 931 1549 1043 1622; x_wconf 88' lang='lat' dir='ltr'><strong>tactus,</strong></span> <span class='ocrx_word' id='word_1_95' title='bbox 1068 1541 1185 1606; x_wconf 82' lang='lat' dir='ltr'><strong>litterae</strong></span> 
     </span>
     <span class='ocr_line' id='line_1_14' title="bbox 47 1646 1184 1728; baseline -0.007 -15"><span class='ocrx_word' id='word_1_96' title='bbox 47 1654 223 1728; x_wconf 84' lang='lat' dir='ltr'><strong>amatoriae,</strong></span> <span class='ocrx_word' id='word_1_97' title='bbox 247 1654 304 1709; x_wconf 89' lang='lat' dir='ltr'><strong>etc.</strong></span> <span class='ocrx_word' id='word_1_98' title='bbox 330 1652 465 1727; x_wconf 89' lang='lat' dir='ltr'><strong>quamvis</strong></span> <span class='ocrx_word' id='word_1_99' title='bbox 490 1665 599 1728; x_wconf 89' lang='lat' dir='ltr'><strong>perse</strong></span> <span class='ocrx_word' id='word_1_100' title='bbox 622 1665 682 1709; x_wconf 90' lang='lat' dir='ltr'><strong>non</strong></span> <span class='ocrx_word' id='word_1_101' title='bbox 707 1651 889 1711; x_wconf 88' lang='lat' dir='ltr'><strong>constituant</strong></span> <span class='ocrx_word' id='word_1_102' title='bbox 910 1665 1029 1708; x_wconf 89' lang='lat' dir='ltr'><strong>causam</strong></span> <span class='ocrx_word' id='word_1_103' title='bbox 1053 1646 1184 1723; x_wconf 86' lang='lat' dir='ltr'><strong>divortii,</strong></span> 
     </span>
     <span class='ocr_line' id='line_1_15' title="bbox 47 1748 1185 1833; baseline -0.004 -19"><span class='ocrx_word' id='word_1_104' title='bbox 47 1753 136 1816; x_wconf 89' lang='lat' dir='ltr'><strong>valde</strong></span> <span class='ocrx_word' id='word_1_105' title='bbox 168 1759 264 1814; x_wconf 90' lang='lat' dir='ltr'><strong>tamen</strong></span> <span class='ocrx_word' id='word_1_106' title='bbox 287 1757 452 1833; x_wconf 85' lang='lat' dir='ltr'><strong>aggravant</strong></span> <span class='ocrx_word' id='word_1_107' title='bbox 482 1756 753 1831; x_wconf 88' lang='lat' dir='ltr'><strong>praesumptionem</strong></span> <span class='ocrx_word' id='word_1_108' title='bbox 783 1750 939 1829; x_wconf 91' lang='lat' dir='ltr'><strong>adulterii,</strong></span> <span class='ocrx_word' id='word_1_109' title='bbox 970 1748 1185 1830; x_wconf 90' lang='lat' dir='ltr'><strong>utaliquando</strong></span> 
     </span>
     <span class='ocr_line' id='line_1_16' title="bbox 47 1852 1186 1932; baseline -0.007 -12"><span class='ocrx_word' id='word_1_110' title='bbox 47 1855 211 1932; x_wconf 89' lang='lat' dir='ltr'><strong>sulliciant,</strong></span> <span class='ocrx_word' id='word_1_111' title='bbox 235 1855 299 1916; x_wconf 89' lang='lat' dir='ltr'><strong>aliis</strong></span> <span class='ocrx_word' id='word_1_112' title='bbox 318 1857 549 1916; x_wconf 88' lang='lat' dir='ltr'><strong>circumstantiis</strong></span> <span class='ocrx_word' id='word_1_113' title='bbox 563 1854 820 1932; x_wconf 80' lang='lat' dir='ltr'><strong>concurrentibus,</strong></span> <span class='ocrx_word' id='word_1_114' title='bbox 845 1854 881 1915; x_wconf 90' lang='lat' dir='ltr'><strong>ad</strong></span> <span class='ocrx_word' id='word_1_115' title='bbox 897 1853 1065 1916; x_wconf 88' lang='lat' dir='ltr'><strong>laciendum</strong></span> <span class='ocrx_word' id='word_1_116' title='bbox 1081 1852 1186 1913; x_wconf 89' lang='lat' dir='ltr'><strong>divor-</strong></span> 
     </span>
     <span class='ocr_line' id='line_1_17' title="bbox 48 1956 1186 2039; baseline -0.001 -21"><span class='ocrx_word' id='word_1_117' title='bbox 48 1963 131 2019; x_wconf 88' lang='lat' dir='ltr'><strong>tium.</strong></span> <span class='ocrx_word' id='word_1_118' title='bbox 179 1956 231 2018; x_wconf 88' lang='lat' dir='ltr'><strong>Est</strong></span> <span class='ocrx_word' id='word_1_119' title='bbox 255 1973 326 2016; x_wconf 89' lang='lat' dir='ltr'><strong>vero</strong></span> <span class='ocrx_word' id='word_1_120' title='bbox 356 1956 583 2033; x_wconf 88' lang='lat' dir='ltr'><strong>attendendum,</strong></span> <span class='ocrx_word' id='word_1_121' title='bbox 614 1957 692 2036; x_wconf 92' lang='lat' dir='ltr'><strong>quod</strong></span> <span class='ocrx_word' id='word_1_122' title='bbox 718 1957 791 2018; x_wconf 89' lang='lat' dir='ltr'><strong>tales</strong></span> <span class='ocrx_word' id='word_1_123' title='bbox 820 1961 1079 2039; x_wconf 86' lang='lat' dir='ltr'><strong>praesumptiones</strong></span> <span class='ocrx_word' id='word_1_124' title='bbox 1112 1971 1186 2036; x_wconf 81' lang='lat' dir='ltr'><strong>pro·</strong></span> 
     </span>
     <span class='ocr_line' id='line_1_18' title="bbox 48 2057 1186 2140; baseline -0.002 -19"><span class='ocrx_word' id='word_1_125' title='bbox 48 2060 163 2121; x_wconf 84' lang='lat' dir='ltr'><strong>bandac</strong></span> <span class='ocrx_word' id='word_1_126' title='bbox 187 2064 246 2122; x_wconf 89' lang='lat' dir='ltr'><strong>sint</strong></span> <span class='ocrx_word' id='word_1_127' title='bbox 270 2077 323 2138; x_wconf 88' lang='lat' dir='ltr'><strong>per</strong></span> <span class='ocrx_word' id='word_1_128' title='bbox 346 2063 454 2136; x_wconf 86' lang='lat' dir='ltr'><strong>testes,</strong></span> <span class='ocrx_word' id='word_1_129' title='bbox 487 2067 536 2122; x_wconf 89' lang='lat' dir='ltr'><strong>aut</strong></span> <span class='ocrx_word' id='word_1_130' title='bbox 560 2059 780 2123; x_wconf 76' lang='lat' dir='ltr'><strong>contessionem</strong></span> <span class='ocrx_word' id='word_1_131' title='bbox 804 2065 894 2140; x_wconf 91' lang='lat' dir='ltr'><strong>partis</strong></span> <span class='ocrx_word' id='word_1_132' title='bbox 917 2059 1085 2135; x_wconf 88' lang='lat' dir='ltr'><strong>adulterae;</strong></span> <span class='ocrx_word' id='word_1_133' title='bbox 1117 2057 1186 2119; x_wconf 90' lang='lat' dir='ltr'><strong>hinc</strong></span> 
     </span>
     <span class='ocr_line' id='line_1_19' title="bbox 50 2160 1187 2244; baseline 0.001 -21"><span class='ocrx_word' id='word_1_134' title='bbox 50 2179 109 2224; x_wconf 92' lang='lat' dir='ltr'><strong>non</strong></span> <span class='ocrx_word' id='word_1_135' title='bbox 133 2160 281 2239; x_wconf 87' lang='lat' dir='ltr'><strong>sufficiet,</strong></span> <span class='ocrx_word' id='word_1_136' title='bbox 311 2165 334 2222; x_wconf 91' lang='lat' dir='ltr'><strong>si</strong></span> <span class='ocrx_word' id='word_1_137' title='bbox 360 2179 387 2222; x_wconf 88' lang='lat' dir='ltr'><strong>v.</strong></span> <span class='ocrx_word' id='word_1_138' title='bbox 411 2181 442 2244; x_wconf 83' lang='lat' dir='ltr'><strong>g.</strong></span> <span class='ocrx_word' id='word_1_139' title='bbox 471 2162 551 2224; x_wconf 89' lang='lat' dir='ltr'><strong>solus</strong></span> <span class='ocrx_word' id='word_1_140' title='bbox 582 2168 704 2226; x_wconf 89' lang='lat' dir='ltr'><strong>maritus</strong></span> <span class='ocrx_word' id='word_1_141' title='bbox 728 2164 823 2242; x_wconf 87' lang='lat' dir='ltr'><strong>dicat,</strong></span> <span class='ocrx_word' id='word_1_142' title='bbox 854 2181 888 2224; x_wconf 90' lang='lat' dir='ltr'><strong>se</strong></span> <span class='ocrx_word' id='word_1_143' title='bbox 917 2169 1001 2226; x_wconf 87' lang='lat' dir='ltr'><strong>actus</strong></span> <span class='ocrx_word' id='word_1_144' title='bbox 1030 2167 1187 2242; x_wconf 86' lang='lat' dir='ltr'><strong>suspectos</strong></span> 
     </span>
     <span class='ocr_line' id='line_1_20' title="bbox 49 2265 1268 2346; baseline -0.002 -18"><span class='ocrx_word' id='word_1_145' title='bbox 49 2269 155 2329; x_wconf 88' lang='lat' dir='ltr'><strong>uxoris</strong></span> <span class='ocrx_word' id='word_1_146' title='bbox 178 2265 305 2343; x_wconf 88' lang='lat' dir='ltr'><strong>vidisse,</strong></span> <span class='ocrx_word' id='word_1_147' title='bbox 339 2269 460 2343; x_wconf 87' lang='lat' dir='ltr'><strong>quiam</strong></span> <span class='ocrx_word' id='word_1_148' title='bbox 488 2284 576 2327; x_wconf 89' lang='lat' dir='ltr'><strong>causa</strong></span> <span class='ocrx_word' id='word_1_149' title='bbox 610 2271 727 2346; x_wconf 89' lang='lat' dir='ltr'><strong>propria</strong></span> <span class='ocrx_word' id='word_1_150' title='bbox 756 2283 846 2327; x_wconf 91' lang='lat' dir='ltr'><strong>nemo</strong></span> <span class='ocrx_word' id='word_1_151' title='bbox 869 2266 955 2328; x_wconf 91' lang='lat' dir='ltr'><strong>lestis</strong></span> <span class='ocrx_word' id='word_1_152' title='bbox 984 2265 1111 2328; x_wconf 91' lang='lat' dir='ltr'><strong>idoneus</strong></span> <span class='ocrx_word' id='word_1_153' title='bbox 1133 2281 1187 2326; x_wconf 82' lang='lat' dir='ltr'><strong>re-</strong></span> <span class='ocrx_word' id='word_1_154' title='bbox 1267 2321 1268 2325; x_wconf 75' lang='grc'>,</span> 
     </span>
    </p>
   </div>
   <div class='ocr_carea' id='block_1_3' title="bbox 48 2367 1186 2636">
    <p class='ocr_par' dir='ltr' id='par_1_3' title="bbox 48 2367 1186 2636">
     <span class='ocr_line' id='line_1_21' title="bbox 68 2367 203 2430; baseline -0.015 0"><span class='ocrx_word' id='word_1_155' title='bbox 68 2367 203 2430; x_wconf 84' lang='lat' dir='ltr'><strong>ulatur.¹</strong></span> 
     </span>
     <span class='ocr_line' id='line_1_22' title="bbox 48 2372 1186 2554; baseline -0.002 -22"><span class='ocrx_word' id='word_1_156' title='bbox 48 2389 65 2450; x_wconf 75' lang='lat' dir='ltr'>p</span> <span class='ocrx_word' id='word_1_157' title='bbox 139 2372 310 2546; x_wconf 50' lang='lat' dir='ltr'><strong>Quadritar</strong></span> <span class='ocrx_word' id='word_1_158' title='bbox 332 2467 380 2548; x_wconf 84' lang='lat'><strong>2⁰)</strong></span> <span class='ocrx_word' id='word_1_159' title='bbox 405 2489 442 2532; x_wconf 91' lang='lat' dir='ltr'><strong>an</strong></span> <span class='ocrx_word' id='word_1_160' title='bbox 465 2475 529 2549; x_wconf 85' lang='lat' dir='ltr'><strong>vir,</strong></span> <span class='ocrx_word' id='word_1_161' title='bbox 561 2475 684 2554; x_wconf 81' lang='lat' dir='ltr'><strong>cognito</strong></span> <span class='ocrx_word' id='word_1_162' title='bbox 707 2477 811 2534; x_wconf 87' lang='lat' dir='ltr'><strong>uxoris</strong></span> <span class='ocrx_word' id='word_1_163' title='bbox 834 2471 1000 2549; x_wconf 89' lang='lat' dir='ltr'><strong>adulterio,</strong></span> <span class='ocrx_word' id='word_1_164' title='bbox 1032 2471 1113 2534; x_wconf 88' lang='lat' dir='ltr'><strong>illam</strong></span> <span class='ocrx_word' id='word_1_165' title='bbox 1135 2469 1186 2531; x_wconf 92' lang='lat' dir='ltr'><strong>di-</strong></span> 
     </span>
     <span class='ocr_line' id='line_1_23' title="bbox 54 2573 359 2636; baseline -0.01 -1"><span class='ocrx_word' id='word_1_166' title='bbox 54 2580 176 2635; x_wconf 87' lang='lat' dir='ltr'><strong>mittere</strong></span> <span class='ocrx_word' id='word_1_167' title='bbox 200 2573 359 2636; x_wconf 84' lang='lat' dir='ltr'><strong>teneatur?</strong></span> 
     </span>
    </p>
   </div>
   <div class='ocr_carea' id='block_1_4' title="bbox 48 2674 1191 3666">
    <p class='ocr_par' dir='ltr' id='par_1_4' title="bbox 48 2674 1187 2860">
     <span class='ocr_line' id='line_1_24' title="bbox 140 2674 1187 2758; baseline 0.002 -22"><span class='ocrx_word' id='word_1_168' title='bbox 140 2684 172 2756; x_wconf 75' lang='lat' dir='ltr'><strong>lp.</strong></span> <span class='ocrx_word' id='word_1_169' title='bbox 197 2675 229 2751; x_wconf 82' lang='grc'><strong>1)</strong></span> <span class='ocrx_word' id='word_1_170' title='bbox 254 2676 374 2737; x_wconf 83' lang='lat' dir='ltr'><strong>Certum</strong></span> <span class='ocrx_word' id='word_1_171' title='bbox 397 2683 453 2753; x_wconf 90' lang='lat' dir='ltr'><strong>est,</strong></span> <span class='ocrx_word' id='word_1_172' title='bbox 479 2696 540 2742; x_wconf 93' lang='lat' dir='ltr'><strong>non</strong></span> <span class='ocrx_word' id='word_1_173' title='bbox 563 2683 658 2739; x_wconf 91' lang='lat' dir='ltr'><strong>teneri</strong></span> <span class='ocrx_word' id='word_1_174' title='bbox 676 2683 792 2740; x_wconf 87' lang='lat' dir='ltr'><strong>ratione</strong></span> <span class='ocrx_word' id='word_1_175' title='bbox 815 2676 963 2755; x_wconf 89' lang='lat' dir='ltr'><strong>adulterii,</strong></span> <span class='ocrx_word' id='word_1_176' title='bbox 988 2681 1058 2758; x_wconf 89' lang='lat' dir='ltr'><strong>quia</strong></span> <span class='ocrx_word' id='word_1_177' title='bbox 1080 2674 1187 2738; x_wconf 79' lang='lat' dir='ltr'><strong>diror-</strong></span> 
     </span>
     <span class='ocr_line' id='line_1_25' title="bbox 48 2776 1187 2860; baseline 0.001 -20"><span class='ocrx_word' id='word_1_178' title='bbox 48 2786 124 2843; x_wconf 91' lang='lat' dir='ltr'><strong>tium</strong></span> <span class='ocrx_word' id='word_1_179' title='bbox 141 2781 197 2840; x_wconf 92' lang='lat' dir='ltr'><strong>t&#39;uit</strong></span> <span class='ocrx_word' id='word_1_180' title='bbox 210 2797 386 2840; x_wconf 90' lang='lat' dir='ltr'><strong>concessum</strong></span> <span class='ocrx_word' id='word_1_181' title='bbox 411 2785 441 2841; x_wconf 90' lang='lat' dir='ltr'><strong>iu</strong></span> <span class='ocrx_word' id='word_1_182' title='bbox 456 2782 589 2843; x_wconf 88' lang='lat' dir='ltr'><strong>l&#39;avorem</strong></span> <span class='ocrx_word' id='word_1_183' title='bbox 608 2786 786 2859; x_wconf 83' lang='lat' dir='ltr'><strong>innocentis,</strong></span> <span class='ocrx_word' id='word_1_184' title='bbox 805 2799 865 2843; x_wconf 94' lang='lat' dir='ltr'><strong>non</strong></span> <span class='ocrx_word' id='word_1_185' title='bbox 887 2786 918 2841; x_wconf 91' lang='lat' dir='ltr'><strong>in</strong></span> <span class='ocrx_word' id='word_1_186' title='bbox 938 2781 1003 2860; x_wconf 86' lang='lat' dir='ltr'><strong>ejus</strong></span> <span class='ocrx_word' id='word_1_187' title='bbox 1020 2776 1187 2860; x_wconf 82' lang='lat' dir='ltr'><strong>poenam.²)</strong></span> 
     </span>
    </p>

    <p class='ocr_par' dir='ltr' id='par_1_5' title="bbox 48 2877 1189 3376">
     <span class='ocr_line' id='line_1_26' title="bbox 140 2877 1189 2962; baseline 0.001 -20"><span class='ocrx_word' id='word_1_188' title='bbox 140 2887 174 2961; x_wconf 74' lang='lat' dir='ltr'><strong>it.</strong></span> <span class='ocrx_word' id='word_1_189' title='bbox 199 2877 235 2955; x_wconf 80' lang='lat'><strong>2)</strong></span> <span class='ocrx_word' id='word_1_190' title='bbox 262 2881 429 2960; x_wconf 82' lang='lat' dir='ltr'><strong>Aliquando</strong></span> <span class='ocrx_word' id='word_1_191' title='bbox 452 2891 550 2962; x_wconf 86' lang='lat' dir='ltr'><strong>potest</strong></span> <span class='ocrx_word' id='word_1_192' title='bbox 572 2887 618 2945; x_wconf 85' lang='lat' dir='ltr'><strong>vir</strong></span> <span class='ocrx_word' id='word_1_193' title='bbox 640 2889 735 2946; x_wconf 85' lang='lat' dir='ltr'><strong>teneri</strong></span> <span class='ocrx_word' id='word_1_194' title='bbox 765 2883 802 2946; x_wconf 88' lang='lat' dir='ltr'><strong>ad</strong></span> <span class='ocrx_word' id='word_1_195' title='bbox 826 2878 1040 2945; x_wconf 87' lang='lat' dir='ltr'><strong>dimittendam</strong></span> <span class='ocrx_word' id='word_1_196' title='bbox 1060 2897 1189 2946; x_wconf 87' lang='lat' dir='ltr'><strong>uxorem</strong></span> 
     </span>
     <span class='ocr_line' id='line_1_27' title="bbox 48 2985 1185 3063; baseline 0 -15"><span class='ocrx_word' id='word_1_197' title='bbox 48 2986 216 3048; x_wconf 91' lang='lat' dir='ltr'><strong>adulteram</strong></span> <span class='ocrx_word' id='word_1_198' title='bbox 246 2987 361 3048; x_wconf 82' lang='lat' dir='ltr'><strong>ratione</strong></span> <span class='ocrx_word' id='word_1_199' title='bbox 393 2991 591 3050; x_wconf 80' lang='lat' dir='ltr'><strong>correctionis</strong></span> <span class='ocrx_word' id='word_1_200' title='bbox 620 2987 770 3052; x_wconf 85' lang='lat' dir='ltr'><strong>fraternae</strong></span> <span class='ocrx_word' id='word_1_201' title='bbox 798 2995 851 3050; x_wconf 90' lang='lat' dir='ltr'><strong>aut</strong></span> <span class='ocrx_word' id='word_1_202' title='bbox 879 2986 1012 3050; x_wconf 85' lang='lat' dir='ltr'><strong>scandali</strong></span> <span class='ocrx_word' id='word_1_203' title='bbox 1044 2985 1185 3063; x_wconf 88' lang='lat' dir='ltr'><strong>evitandi,</strong></span> 
     </span>
     <span class='ocr_line' id='line_1_28' title="bbox 49 3087 1188 3169; baseline 0.002 -20"><span class='ocrx_word' id='word_1_204' title='bbox 49 3087 103 3150; x_wconf 90' lang='lat' dir='ltr'><strong>sed</strong></span> <span class='ocrx_word' id='word_1_205' title='bbox 133 3104 220 3149; x_wconf 88' lang='lat' dir='ltr'><strong>rarus</strong></span> <span class='ocrx_word' id='word_1_206' title='bbox 248 3094 292 3148; x_wconf 91' lang='lat' dir='ltr'><strong>est</strong></span> <span class='ocrx_word' id='word_1_207' title='bbox 322 3092 377 3148; x_wconf 88' lang='lat' dir='ltr'><strong>iste</strong></span> <span class='ocrx_word' id='word_1_208' title='bbox 402 3108 504 3166; x_wconf 86' lang='lat' dir='ltr'><strong>casus,</strong></span> <span class='ocrx_word' id='word_1_209' title='bbox 538 3109 604 3151; x_wconf 91' lang='lat' dir='ltr'><strong>cum</strong></span> <span class='ocrx_word' id='word_1_210' title='bbox 635 3091 691 3153; x_wconf 89' lang='lat' dir='ltr'><strong>alia</strong></span> <span class='ocrx_word' id='word_1_211' title='bbox 721 3090 817 3154; x_wconf 90' lang='lat' dir='ltr'><strong>media</strong></span> <span class='ocrx_word' id='word_1_212' title='bbox 845 3088 978 3153; x_wconf 88' lang='lat' dir='ltr'><strong>adbiberi</strong></span> <span class='ocrx_word' id='word_1_213' title='bbox 1008 3093 1123 3169; x_wconf 90' lang='lat' dir='ltr'><strong>possint</strong></span> <span class='ocrx_word' id='word_1_214' title='bbox 1151 3089 1188 3154; x_wconf 91' lang='lat' dir='ltr'><strong>ad</strong></span> 
     </span>
     <span class='ocr_line' id='line_1_29' title="bbox 50 3189 1189 3275; baseline 0.004 -23"><span class='ocrx_word' id='word_1_215' title='bbox 50 3207 179 3252; x_wconf 88' lang='lat' dir='ltr'><strong>uxorem</strong></span> <span class='ocrx_word' id='word_1_216' title='bbox 209 3189 417 3272; x_wconf 82' lang='lat' dir='ltr'><strong>corrigendam</strong></span> <span class='ocrx_word' id='word_1_217' title='bbox 447 3198 497 3253; x_wconf 89' lang='lat' dir='ltr'><strong>aut</strong></span> <span class='ocrx_word' id='word_1_218' title='bbox 526 3191 698 3255; x_wconf 88' lang='lat' dir='ltr'><strong>scandalum</strong></span> <span class='ocrx_word' id='word_1_219' title='bbox 726 3193 887 3257; x_wconf 86' lang='lat' dir='ltr'><strong>vitandum.</strong></span> <span class='ocrx_word' id='word_1_220' title='bbox 932 3191 1064 3255; x_wconf 85' lang='lat' dir='ltr'><strong>Aliunde</strong></span> <span class='ocrx_word' id='word_1_221' title='bbox 1092 3195 1189 3275; x_wconf 88' lang='lat' dir='ltr'><strong>ejecta</strong></span> 
     </span>
     <span class='ocr_line' id='line_1_30' title="bbox 50 3291 1027 3376; baseline 0.001 -21"><span class='ocrx_word' id='word_1_222' title='bbox 50 3309 139 3370; x_wconf 83' lang='lat' dir='ltr'><strong>uxor,</strong></span> <span class='ocrx_word' id='word_1_223' title='bbox 165 3292 271 3354; x_wconf 86' lang='lat' dir='ltr'><strong>saliem</strong></span> <span class='ocrx_word' id='word_1_224' title='bbox 294 3291 472 3374; x_wconf 87' lang='lat' dir='ltr'><strong>plerumque</strong></span> <span class='ocrx_word' id='word_1_225' title='bbox 494 3296 598 3374; x_wconf 87' lang='lat' dir='ltr'><strong>majori</strong></span> <span class='ocrx_word' id='word_1_226' title='bbox 623 3297 755 3374; x_wconf 89' lang='lat' dir='ltr'><strong>periculo</strong></span> <span class='ocrx_word' id='word_1_227' title='bbox 779 3303 990 3376; x_wconf 86' lang='lat' dir='ltr'><strong>exponeretur.</strong></span> <span class='ocrx_word' id='word_1_228' title='bbox 999 3293 1027 3370; x_wconf 83' lang='lat'><strong>³)</strong></span> 
     </span>
    </p>

    <p class='ocr_par' dir='ltr' id='par_1_6' title="bbox 51 3394 1191 3666">
     <span class='ocr_line' id='line_1_31' title="bbox 140 3394 1191 3480; baseline 0.001 -24"><span class='ocrx_word' id='word_1_229' title='bbox 140 3395 314 3470; x_wconf 81' lang='lat' dir='ltr'><strong>Quaeritur</strong></span> <span class='ocrx_word' id='word_1_230' title='bbox 330 3394 364 3471; x_wconf 82' lang='lat'><strong>3)</strong></span> <span class='ocrx_word' id='word_1_231' title='bbox 389 3414 437 3475; x_wconf 88' lang='lat' dir='ltr'><strong>an,</strong></span> <span class='ocrx_word' id='word_1_232' title='bbox 462 3402 485 3458; x_wconf 90' lang='lat' dir='ltr'><strong>si</strong></span> <span class='ocrx_word' id='word_1_233' title='bbox 510 3401 623 3480; x_wconf 84' lang='lat' dir='ltr'><strong>conjux</strong></span> <span class='ocrx_word' id='word_1_234' title='bbox 644 3402 792 3460; x_wconf 90' lang='lat' dir='ltr'><strong>innocens</strong></span> <span class='ocrx_word' id='word_1_235' title='bbox 810 3399 883 3460; x_wconf 90' lang='lat' dir='ltr'><strong>velit</strong></span> <span class='ocrx_word' id='word_1_236' title='bbox 906 3399 983 3459; x_wconf 90' lang='lat' dir='ltr'><strong>ultro</strong></span> <span class='ocrx_word' id='word_1_237' title='bbox 1002 3397 1191 3460; x_wconf 84' lang='lat' dir='ltr'><strong>reconciliari</strong></span> 
     </span>
     <span class='ocr_line' id='line_1_32' title="bbox 51 3499 1189 3580; baseline 0 -19"><span class='ocrx_word' id='word_1_238' title='bbox 51 3503 173 3561; x_wconf 86' lang='lat' dir='ltr'><strong>nocenti</strong></span> <span class='ocrx_word' id='word_1_239' title='bbox 197 3503 264 3578; x_wconf 90' lang='lat' dir='ltr'><strong>post</strong></span> <span class='ocrx_word' id='word_1_240' title='bbox 287 3499 396 3561; x_wconf 87' lang='lat' dir='ltr'><strong>factum</strong></span> <span class='ocrx_word' id='word_1_241' title='bbox 420 3501 456 3560; x_wconf 92' lang='lat' dir='ltr'><strong>ab</strong></span> <span class='ocrx_word' id='word_1_242' title='bbox 479 3519 514 3563; x_wconf 89' lang='lat' dir='ltr'><strong>ea</strong></span> <span class='ocrx_word' id='word_1_243' title='bbox 536 3501 707 3580; x_wconf 89' lang='lat' dir='ltr'><strong>divortium,</strong></span> <span class='ocrx_word' id='word_1_244' title='bbox 736 3506 873 3564; x_wconf 85' lang='lat' dir='ltr'><strong>teneatur</strong></span> <span class='ocrx_word' id='word_1_245' title='bbox 895 3517 1007 3563; x_wconf 89' lang='lat' dir='ltr'><strong>nocens</strong></span> <span class='ocrx_word' id='word_1_246' title='bbox 1031 3505 1189 3579; x_wconf 83' lang='lat' dir='ltr'><strong>acceptare</strong></span> 
     </span>
     <span class='ocr_line' id='line_1_33' title="bbox 53 3601 561 3666; baseline 0 -2"><span class='ocrx_word' id='word_1_247' title='bbox 53 3603 142 3665; x_wconf 91' lang='lat' dir='ltr'><strong>etad</strong></span> <span class='ocrx_word' id='word_1_248' title='bbox 167 3601 416 3664; x_wconf 85' lang='lat' dir='ltr'><strong>cohabitationem</strong></span> <span class='ocrx_word' id='word_1_249' title='bbox 440 3604 561 3666; x_wconf 85' lang='lat' dir='ltr'><strong>redire?</strong></span> 
     </span>
    </p>
   </div>
   <div class='ocr_carea' id='block_1_5' title="bbox 50 3757 258 3769">
    <p class='ocr_par' dir='ltr' id='par_1_7' title="bbox 50 3757 258 3769">
     <span class='ocr_line' id='line_1_34' title="bbox 50 3757 258 3769; baseline -0.01 -1"><span class='ocrx_word' id='word_1_250' title='bbox 50 3757 258 3769; x_wconf 65' lang='lat' dir='ltr'><strong>-.--——--a</strong></span> 
     </span>
    </p>
   </div>
   <div class='ocr_carea' id='block_1_6' title="bbox 77 3855 862 4102">
    <p class='ocr_par' dir='ltr' id='par_1_8' title="bbox 77 3855 862 4102">
     <span class='ocr_line' id='line_1_35' title="bbox 78 3855 593 3927; baseline 0 -16"><span class='ocrx_word' id='word_1_251' title='bbox 78 3857 101 3925; x_wconf 85' lang='lat'><strong>¹)</strong></span> <span class='ocrx_word' id='word_1_252' title='bbox 120 3855 277 3927; x_wconf 83' lang='lat' dir='ltr'><strong>Schmalzgr.</strong></span> <span class='ocrx_word' id='word_1_253' title='bbox 297 3859 334 3908; x_wconf 90' lang='lat' dir='ltr'><strong>tit.</strong></span> <span class='ocrx_word' id='word_1_254' title='bbox 355 3857 394 3910; x_wconf 96' lang='grc'><strong>19.</strong></span> <span class='ocrx_word' id='word_1_255' title='bbox 413 3873 437 3910; x_wconf 89' lang='lat' dir='ltr'><strong>n.</strong></span> <span class='ocrx_word' id='word_1_256' title='bbox 459 3858 515 3911; x_wconf 83' lang='lat'><strong>115.</strong></span> <span class='ocrx_word' id='word_1_257' title='bbox 536 3858 593 3912; x_wconf 92' lang='grc'><strong>116.</strong></span> 
     </span>
     <span class='ocr_line' id='line_1_36' title="bbox 78 3942 862 4016; baseline 0.003 -20"><span class='ocrx_word' id='word_1_258' title='bbox 78 3945 100 4010; x_wconf 86' lang='lat'><strong>²)</strong></span> <span class='ocrx_word' id='word_1_259' title='bbox 119 3944 157 3996; x_wconf 90' lang='lat' dir='ltr'><strong>Ita</strong></span> <span class='ocrx_word' id='word_1_260' title='bbox 177 3943 343 3994; x_wconf 86' lang='lat' dir='ltr'><strong>cummuniter</strong></span> <span class='ocrx_word' id='word_1_261' title='bbox 361 3943 386 3996; x_wconf 89' lang='lat' dir='ltr'><strong>S.</strong></span> <span class='ocrx_word' id='word_1_262' title='bbox 403 3942 455 4014; x_wconf 83' lang='lat' dir='ltr'><strong>Lig.</strong></span> <span class='ocrx_word' id='word_1_263' title='bbox 474 3961 499 3996; x_wconf 90' lang='lat' dir='ltr'><strong>u.</strong></span> <span class='ocrx_word' id='word_1_264' title='bbox 518 3943 577 3998; x_wconf 86' lang='grc'><strong>969.</strong></span> <span class='ocrx_word' id='word_1_265' title='bbox 602 3943 742 4016; x_wconf 77' lang='lat' dir='ltr'><strong>schaaiag.</strong></span> <span class='ocrx_word' id='word_1_266' title='bbox 761 3959 786 3998; x_wconf 87' lang='lat' dir='ltr'><strong>n.</strong></span> <span class='ocrx_word' id='word_1_267' title='bbox 806 3943 862 3998; x_wconf 91' lang='grc'><strong>119.</strong></span> 
     </span>
     <span class='ocr_line' id='line_1_37' title="bbox 77 4027 521 4102; baseline 0.005 -20"><span class='ocrx_word' id='word_1_268' title='bbox 77 4031 100 4100; x_wconf 81' lang='lat'><strong>³)</strong></span> <span class='ocrx_word' id='word_1_269' title='bbox 120 4030 145 4082; x_wconf 87' lang='lat' dir='ltr'><strong>S.</strong></span> <span class='ocrx_word' id='word_1_270' title='bbox 165 4027 218 4102; x_wconf 76' lang='lat' dir='ltr'><strong>lig.</strong></span> <span class='ocrx_word' id='word_1_271' title='bbox 237 4044 261 4081; x_wconf 85' lang='lat' dir='ltr'><strong>n.</strong></span> <span class='ocrx_word' id='word_1_272' title='bbox 281 4031 339 4085; x_wconf 79' lang='grc'><strong>969.</strong></span> <span class='ocrx_word' id='word_1_273' title='bbox 359 4028 427 4102; x_wconf 72' lang='lat' dir='ltr'><strong>(lurp</strong></span> <span class='ocrx_word' id='word_1_274' title='bbox 447 4030 521 4084; x_wconf 82' lang='grc'><strong>1466.</strong></span> 
     </span>
    </p>
   </div>
   <div class='ocr_carea' id='block_1_7' title="bbox 0 0 1394 4664">
    <p class='ocr_par' dir='ltr' id='par_1_9' title="bbox 0 0 1394 4664">
     <span class='ocr_line' id='line_1_38' title="bbox 0 0 1394 4664; baseline 0 0"><span class='ocrx_word' id='word_1_275' title='bbox 0 0 1394 4664; x_wconf 95' lang='lat' dir='ltr'><strong> </strong></span> 
     </span>
    </p>
   </div>
  </div>
 </body>
</html>
