2764 4664
498 262 578 315 man·
596 267 802 318 aeternalium.
1135 249 1194 316 est

49 430 225 495 sessionem
248 431 421 515 religiosam
444 427 474 483 tn
498 417 807 506 aliquareltgtune¹l3
830 441 885 503 per
906 421 1104 486 banc'etenim
1120 431 1197 488 riam

47 533 241 599 credebatur
270 538 374 599 evitari
411 545 501 610 posse
535 527 750 589 resolutionem
789 525 947 588 dubiorum
976 532 1197 606 propositorum

49 643 88 696 et
115 655 177 700 riou
207 639 417 702 resolutorum.
456 629 691 692 Fundamentum
715 627 910 692 affirmativae
933 635 1139 709 responsionis
1162 629 1199 691 ad

49 738 75 800 l.
106 747 138 800 et
162 741 195 803 ll.
224 745 417 803 constitutum
452 734 508 800 l'ult
536 737 567 793 in
596 737 748 794 communi
779 738 808 793 et
835 737 1079 796 communissima
1108 732 1198 796 hodie

51 841 287 926 Theologomm
312 839 751 908 etCanonistarumsententia,
774 836 855 915 qued
866 839 1085 898 matrimonium
1100 835 1198 915 quoad
1280 864 1282 868 ·

48 942 214 1007 vinculum
237 951 268 1008 in
297 963 367 1007 casu
391 943 600 1005 conversionis
629 955 690 1000 uon
719 937 916 1014 dissolvatur,
930 976 934 984 ι
949 944 1005 1001 nisi
1036 945 1108 1001 tunc
1130 957 1197 1000 cum

50 1047 160 1109 fidelis
183 1048 263 1110 aliud
286 1044 434 1110 contrabit
456 1045 689 1116 unatrimonium,
713 1040 794 1102 unde
818 1045 932 1120 optimo
952 1043 1022 1123 jure
1046 1040 1198 1122 pendera-

51 1157 123 1212 tum
149 1151 220 1228 luit,
252 1149 380 1232 quodsi
407 1147 492 1208 llioea
525 1160 672 1206 conversa
696 1143 808 1204 nullum
831 1142 929 1206 adhue
951 1149 1101 1206 contraxit
1132 1163 1220 1210 ma·-x

52 1257 234 1314 trimnnium
258 1259 326 1334 post
349 1253 579 1313 conversionem
611 1247 776 1308 subsistere
799 1245 837 1306 de
868 1253 1046 1310 necesstiate
1075 1245 1200 1308 debebat

53 1360 286 1418 matrimonium
311 1373 364 1435 per
386 1371 451 1414 eam
474 1349 670 1412 inJudaismo
693 1355 877 1412 contractum
900 1369 967 1412 cum
985 1350 1145 1426 Abrabam,
1168 1355 1199 1410 et

52 1464 102 1520 sic
128 1461 353 1539 consequenter
374 1455 455 1537 quod
479 1453 626 1516 Abrabam
651 1455 787 1512 teneatur
810 1452 909 1513 redire
936 1453 972 1514 ad
996 1453 1132 1531 Rioeam,
1166 1459 1198 1516 ut

52 1567 152 1622 etiam
176 1560 310 1622 decisum
333 1561 388 1622 luit
411 1563 442 1618 ln
465 1555 612 1618 consimili
636 1573 708 1617 casu
732 1553 814 1617 torti
838 1560 868 1614 et
895 1553 984 1618 1680.

147 1662 234 1735 Quod
257 1667 363 1724 attinet
385 1661 421 1724 ad
444 1665 543 1720 cetera
555 1657 660 1735 dubia,
689 1675 728 1718 ex
749 1660 998 1738 responsionibus
1021 1659 1199 1740 Arebiepis·

50 1771 126 1846 copi
152 1767 315 1827 Florentini
339 1764 399 1826 duo
413 1762 608 1844 colliguntur,
630 1761 773 1834 alterum,
795 1762 876 1841 quod
901 1781 960 1824 non
983 1767 1022 1824 sit
1045 1763 1197 1842 possibile,

50 1875 89 1930 ut
103 1867 254 1930 Abrabam
277 1871 433 1945 separetur
455 1864 606 1941 albunea,
630 1865 772 1940 atroam
796 1864 916 1926 lliceam
940 1866 1029 1943 nolle,
1053 1867 1102 1927 rel
1118 1865 1198 1928 aliud

53 1976 283 2033 nratrimunium
307 1968 493 2042 contrahere,
518 1967 568 2029 vel
591 1965 754 2049 religiosae
778 1968 959 2046 professioni
984 1987 1093 2031 nomen
1117 1968 1198 2031 dure.

53 2073 137 2134 ltine
151 2072 186 2134 ad
211 2073 332 2135 dubium
358 2077 478 2134 tertium
500 2068 723 2147 resolvendum,
748 2075 924 2153 investigari
942 2070 1042 2149 debet,
1065 2075 1214 2153 inquau»

53 2181 121 2237 tum
152 2193 192 2236 ex
219 2176 289 2256 jure
319 2175 408 2236 llteea
437 2180 506 2257 cogi
534 2179 637 2255 posset
666 2172 702 2234 ad
732 2173 917 2235 redeundum
947 2191 1014 2237 eum
1042 2171 1198 2238 Abrabam.

53 2277 220 2350 Quaeritur
241 2283 335 2361 igitur
356 2296 394 2340 an
416 2282 512 2358 possit
539 2294 629 2338 eausa
651 2275 778 2343 :divortii
802 2297 818 2338 a
847 2282 915 2338 toro
938 2276 1046 2338 deduci
1070 2295 1110 2340 ex
1132 2297 1223 2340 ma·-

53 2385 202 2442 trimonio
224 2385 300 2443 inito
324 2381 360 2442 ab
382 2379 548 2457 numiam,
574 2385 685 2460 nuptiis
708 2397 775 2440 curu
799 2379 886 2440 Rieea
920 2378 1051 2442 nondum
1075 2381 1198 2456 solutis;

52 2485 112 2545 sed
137 2483 379 2563 respondendum
402 2482 521 2544 videtur
553 2483 756 2566 „negatlve“;
785 2501 852 2544 cum
876 2482 1070 2561 adulterium,
1101 2483 1199 2546 taliter

53 2588 92 2649 ab
120 2587 268 2650 Abrabam
293 2591 496 2663 commissum,
521 2585 675 2648 materiale
704 2590 818 2646 tanturn
846 2591 894 2647 est
916 2584 1083 2648 babendum
1107 2591 1197 2662 (text.

52 2695 84 2751 in
111 2706 176 2768 cap.
200 2688 370 2752 Gaudemus
394 2689 431 2751 de
454 2689 616 2763 divortiis).
652 2687 754 2752 Potest
774 2693 876 2750 tamen
898 2693 930 2749 in
952 2694 1112 2769 praesenti
1126 2706 1198 2752 casu

53 2812 94 2854 ex
118 2791 175 2854 alia
199 2809 304 2867 eausa3
337 2811 376 2853 ex
398 2791 533 2871 epistolis
557 2789 783 2872 archiepiscopi
807 2791 970 2854 Florentini
994 2809 1056 2854 non
1078 2791 1199 2854 ridetur

53 2894 249 2958 dubitandum
274 2913 343 2958 esse
366 2893 404 2956 de
429 2894 553 2958 molesta
577 2897 678 2973 priore
701 2891 923 2957 cohabitatione
945 2893 1143 2958 interAbrab.
1169 2901 1199 2956 et

52 2999 187 3075 Riccam,
212 3015 289 3077 quae
312 2997 466 3060 sulliciens
488 3013 557 3058 esse
574 3003 673 3076 potest
694 2996 731 3058 ad
753 3002 971 3078 separationem
995 2998 1198 3078 temporalem.

141 3099 228 3172 Quod
251 3105 358 3162 attinet
381 3099 429 3162 lV.
453 3105 484 3159 et
504 3097 537 3162 V.
561 3099 693 3178 dubium,
718 3117 735 3160 u
757 3098 788 3163 S.
813 3099 843 3161 G.
866 3101 897 3164 G.
922 3101 1036 3164 decisio
1060 3117 1119 3162 non
1142 3099 1199 3163 luit

52 3203 139 3281 data,
171 3203 225 3264 sed
254 3219 449 3284 responsum:
482 3203 660 3281 „scribatur
683 3203 770 3284 juxta
801 3206 1061 3267 instructionem“.
1115 3204 1199 3276 Quae

51 3311 154 3368 autem
184 3304 272 3387 bujus
302 3311 438 3387 responsi
470 3323 555 3368 mens
592 3306 698 3382 tuerit,
729 3306 822 3367 rel'ert
851 3305 1031 3368 benedictus
1060 3306 1136 3369 Xllt.
1167 3311 1197 3370 tn

54 3407 166 3490 Synod.
191 3407 329 3470 dioeces:
353 3409 403 3470 llb.
427 3409 475 3471 Vl.
496 3429 524 3473 e.
548 3407 594 3472 lV.
619 3427 647 3472 n.
671 3410 701 3472 5.
724 3409 769 3470 bis
792 3408 907 3470 verbis:
932 3407 1044 3486 „Sacra
1057 3407 1198 3491 Congre—
1309 3409 1312 3414 “

53 3517 136 3596 gutia
160 3516 254 3572 satius
276 3511 377 3590 duxit,
411 3517 597 3574 asententia
627 3511 749 3575 terenda
782 3529 817 3574 se
846 3511 1010 3588 abstinere,
1044 3515 1197 3591 quoniam,

55 3622 145 3678 etiam
176 3615 244 3677 data
267 3613 399 3676 Poullilct
431 3621 579 3695 potestate
609 3613 798 3677 rescindendi
828 3618 910 3696 prius
940 3615 1090 3676 vinculum
1119 3633 1197 3677 con-

50 3722 128 3804 jugii
153 3723 185 3778 in
208 3717 384 3780 infidelitate
407 3723 563 3797 contracti,
587 3717 789 3795 nibilominus,
813 3717 894 3799 quod
918 3734 972 3779 nos
983 3716 1093 3780 Sacrae
1116 3715 1199 3779 Ouu-

56 3825 228 3906 gregationi
261 3825 415 3884 insinuare
447 3839 507 3884 non
546 3825 818 3903 praetermisimus,
853 3825 959 3884 merito
994 3817 1197 3883 dubitabatur:

51 3967 257 3977 ...ψ-

76 4051 98 4116 ¹)
116 4047 190 4102 cont.
208 4052 232 4114 s.
251 4049 292 4102 32.
303 4059 398 4120 quaeat.
417 4050 442 4102 l.
462 4067 485 4101 n.
507 4050 532 4102 l.
545 4049 629 4102 adnot.
