2742 4660
162 267 182 333 6
513 277 551 334 De
568 283 728 336 matrimonio
746 279 885 336 seeundum
903 297 938 336 se.

164 457 290 522 obscure
311 461 454 538 insinuat,
477 475 546 522 eum
569 461 658 520 etiam
680 457 768 520 aliter
789 455 973 522 manifestari
998 453 1138 536 posse;¹)
1163 454 1199 534 7)
1217 456 1295 537 lepi-

4 557 5 606 ἰ
94 611 95 615 ,
163 563 266 639 timus,
288 565 307 624 i.
332 579 358 623 e.
382 577 481 643 neque
504 559 585 624 nulla
607 560 678 645 lege
701 559 857 640 obstante,
881 577 980 642 neque
1003 558 1176 624 conditione
1198 559 1295 640 aliqua

163 671 266 730 contra
290 668 470 728 matrimonii
492 663 687 728 substantiam
712 667 844 744 apposita
865 667 979 726 irritus.

247 767 296 830 lV.
319 767 402 830 Licet
419 785 596 844 consensus,
619 771 652 830 ut
673 783 713 828 ex
726 766 813 830 dictis
832 771 922 847 patet,
948 782 987 827 ex
1006 765 1160 847 multiplici
1177 765 1295 830 deiectu

161 876 194 934 in
217 887 251 933 se
272 875 377 934 irritus
400 890 434 936 ac
450 870 575 952 proinde
598 869 634 934 ad
653 874 875 934 matrimonium
899 867 1093 932 efficiendum
1107 869 1294 934 insufficiens

159 991 232 1038 esse
255 973 342 1036 facile
365 977 468 1054 possit,
493 978 525 1036 in
548 971 615 1036 loro
638 979 738 1038 tamen
759 979 884 1038 externo
901 989 1066 1036 consensus
1079 973 1174 1036 semel
1195 973 1294 1056 aliquo

163 1077 251 1140 modo
285 1077 370 1140 datus
399 1082 430 1139 et
461 1095 623 1156 expressus
654 1083 793 1162 rigorose
823 1079 1026 1156 praesumitur
1053 1080 1110 1138 rite
1139 1096 1174 1140 ac
1196 1076 1294 1138 valide

163 1179 259 1259 datus,
284 1179 380 1244 donec
394 1184 576 1244 contrarium
594 1177 785 1262 probetur.²)
808 1179 894 1244 Ratio
918 1185 974 1259 est,
998 1183 1067 1259 quia
1087 1178 1206 1242 nullitas
1228 1197 1295 1240 ma-

162 1287 296 1346 trimonii
314 1301 353 1344 ex
367 1282 487 1346 delectu
500 1301 666 1348 cousensus
680 1283 769 1346 iacile
784 1283 912 1346 admissa
927 1287 1098 1346 verteretur
1111 1287 1142 1344 in
1154 1282 1293 1344 damnum

163 1390 384 1450 communitatis
406 1405 441 1450 ac
464 1390 552 1450 nimis
576 1386 691 1450 lavaret
713 1385 844 1451 malitiae
865 1384 1022 1450 humanae.

248 1489 406 1563 Quaesitae

247 1594 407 1667 Quaeritur
432 1591 496 1671 10):
528 1592 684 1666 Quomodo
707 1595 873 1680 agendum,
901 1597 928 1657 si
949 1597 1017 1674 quis
1044 1591 1139 1672 dieat,
1169 1609 1203 1654 se
1225 1589 1294 1652 ficte

162 1701 182 1762 i.
206 1716 233 1760 e.
256 1696 356 1759 verbis
379 1699 521 1778 quidem,
551 1697 604 1762 sed
635 1698 747 1780 absque
769 1714 843 1762 vero
871 1702 991 1760 interno
1014 1713 1165 1760 consensu
1187 1697 1295 1756 matri·

161 1805 293 1864 monium
317 1803 526 1866 contraxisse?

196 1974 197 1978 ,
250 1911 275 1986 lp
299 1904 334 1981 l)
358 1905 391 1968 ln
413 1905 481 1970 loro
497 1914 626 1969 externo
640 1921 701 1968 non
722 1903 838 1968 dabitur
857 1905 932 1970 fides
952 1907 1110 1980 asserenti,
1132 1902 1182 1964 vel
1204 1905 1295 1964 etiam

160 2008 269 2071 millies
287 2009 401 2089 juranti
424 2027 458 2072 se
479 2011 615 2074 simulate
632 2015 741 2094 egisse.
766 2007 809 2072 lta
826 2011 1033 2072 communiter.
1056 2005 1168 2087 Excipe
1180 2009 1294 2086 tamem

159 2115 186 2172 si
208 2109 297 2172 claris
319 2129 354 2172 ac
377 2112 529 2176 moraliter
550 2119 642 2178 certis
664 2115 850 2198 argumentis
880 2118 910 2174 et
931 2111 1050 2174 indiciis
1078 2113 1212 2172 externis
1236 2108 1296 2170 de-

160 2217 330 2296 ceptionem
353 2231 438 2280 suam
462 2216 647 2297 ostentari)
691 2217 777 2283 llatic
807 2223 854 2280 est
879 2219 1090 2298 gravissimum
1115 2212 1295 2294 periculum,

158 2333 197 2378 ne
220 2319 441 2382 matrimonium
465 2320 564 2384 valide
585 2327 771 2385 contractum
800 2339 868 2382 cum
900 2322 1030 2380 inaximo
1053 2315 1294 2381 contrahentium

157 2419 293 2501 periculo
316 2419 508 2500 dissolvatur,
531 2431 563 2486 et
584 2425 751 2488 stabilitatis
774 2422 904 2488 familiae
926 2423 1130 2486 labefactetur.

245 2523 282 2600 2)
305 2521 336 2586 ln
369 2524 435 2590 toro
458 2530 682 2608 conscientiae,
712 2532 739 2592 si
761 2532 877 2590 certum
901 2531 952 2606 sit,
983 2543 1165 2590 consensum
1197 2523 1294 2586 luisse

157 2629 295 2693 simulate
318 2629 436 2706 ddum,
467 2629 627 2694 dicendum
650 2635 708 2694 erit
734 2635 768 2709 a)
792 2631 871 2713 quod
894 2629 1037 2712 deceptor
1058 2631 1193 2715 graviter
1215 2645 1294 2708 pec-

157 2737 250 2808 cavit;
280 2731 315 2808 b)
339 2731 419 2814 quod
442 2732 591 2796 abstinere
617 2734 708 2798 debet
736 2753 754 2797 a
783 2734 883 2798 debito
909 2734 1040 2816 petendo
1068 2752 1104 2796 ao
1126 2730 1292 2812 reddendo,

155 2833 251 2898 donec
273 2851 347 2896 vere
370 2841 571 2912 consenserit;
600 2841 633 2915 c)
656 2837 838 2922 regulariter
865 2835 1043 2922 obligandus
1071 2840 1129 2900 erit
1150 2834 1188 2900 ad
1210 2834 1293 2898 bunc

154 2953 334 2999 consensum
358 2937 578 3018 praestandum,
604 2959 672 3004 cum
694 2941 834 3004 damnum
857 2944 1004 3022 comperti
1026 2939 1292 3020 illatumplerum-

154 3056 214 3122 que
241 3039 329 3102 aliter
359 3040 426 3103 tolli
456 3048 595 3124 nequeat.
639 3041 753 3126 Excipe
783 3049 881 3107 tamen
911 3047 946 3122 a)
974 3048 1000 3106 si
1027 3042 1108 3106 idem
1140 3046 1292 3124 impostor

156 3147 380 3206 matrimonium
402 3162 507 3208 rerum
530 3150 646 3212 interea
669 3165 737 3212 oum
760 3147 818 3212 alia
839 3153 921 3222 iniit;
955 3145 991 3226 b)
1023 3151 1048 3210 si
1071 3146 1196 3228 decepta
1220 3164 1294 3226 pars

153 3279 358 3290 w...

87 3407 92 3422 ,
183 3365 204 3428 ¹)
224 3363 292 3428 „st-d
307 3363 440 3416 verborum
456 3366 520 3428 loco,
540 3373 592 3416 tom
608 3375 683 3418 nutus
701 3367 819 3434 staigos,
838 3381 903 3436 quae
914 3367 1028 3418 intimum
1039 3379 1189 3418 consensum
1203 3375 1297 3436 aperte

225 3449 350 3510 indicent,
370 3453 429 3503 satis
448 3449 480 3502 ad
498 3453 683 3504 matrimonium
702 3467 759 3504 esse
777 3461 894 3522 possunt3
918 3460 971 3504 tom
989 3453 1065 3504 ctiam
1083 3455 1136 3520 ipsa
1154 3454 1297 3506 taciturni-

224 3545 262 3588 tas
281 3553 337 3587 cum
358 3537 442 3602 puella
462 3546 565 3606 propter
582 3539 761 3590 verecundiam
780 3555 831 3590 non
849 3538 1000 3607 respondet,
1021 3539 1065 3590 sed
1083 3555 1128 3608 pro
1147 3556 1177 3592 ea
1195 3555 1298 3608 paren-

223 3633 260 3674 tes
280 3623 442 3690 inquinamur
461 3622 563 3676 Gatecb.
581 3625 651 3676 llum.
670 3624 686 3676 l.
706 3642 727 3678 c.
746 3635 842 3694 quaest.
862 3629 885 3678 7.

179 3710 201 3774 ²)
220 3707 305 3772 „Ouia
323 3717 406 3760 autem
425 3711 451 3760 in
470 3710 525 3760 loro
544 3719 647 3772 externo
665 3709 778 3761 delectus
796 3727 950 3777 consensus,
975 3715 1030 3766 sive
1053 3713 1086 3764 ob
1105 3729 1216 3766 errorem
1234 3716 1299 3766 sive

224 3795 257 3846 cb
276 3798 325 3846 vim
344 3802 489 3864 metumque
507 3795 653 3848 difficillime
672 3797 772 3864 probari
791 3807 886 3867 potest,
909 3808 934 3851 et
952 3807 1085 3868 propterea
1103 3798 1240 3852 divortium
1260 3817 1300 3853 ex

224 3882 273 3932 boc
293 3881 365 3932 titulo
385 3897 512 3950 nonquam
532 3881 690 3934 conceditur:
711 3883 771 3936 irinc
789 3892 836 3936 etc.
856 3884 1027 3953 (capriddid.
1049 3885 1089 3938 ii.
1102 3883 1132 3938 x.
1152 3883 1184 3936 de
1202 3901 1302 3955 spons.

225 3975 249 4020 et
267 3975 339 4018 matr.
359 3967 397 4033 (i.
418 3968 453 4032 i.)
472 3967 589 4019 instruct.
609 3978 701 4037 pastor.
719 3969 825 4037 Eystett.
845 3971 903 4024 ³35.

179 4054 202 4122 ³)
221 4051 285 4105 Vide
303 4055 390 4106 varlos
409 4067 482 4104 casus
501 4053 568 4122 apud
588 4053 700 4107 Sancbez
719 4055 762 4108 lib.
781 4057 796 4108 2
815 4055 880 4128 disp.
899 4058 941 4112 45.
960 4075 985 4112 u.
1003 4059 1027 4110 4.
1046 4065 1093 4112 cto.
