2764 4664
432 253 469 310 Dc
488 253 664 312 celebratione
681 253 839 327 lupuliani.

88 410 124 485 i.
153 398 238 478 lituo
260 417 321 491 cls,
343 413 486 496 Domino,
509 417 652 482 auxillum
676 417 715 480 dc
736 421 850 482 sancto.

88 523 124 598 p.
155 516 193 580 lit
216 517 253 580 dc
275 519 347 582 Sion
370 525 456 582 tuere
479 535 541 584 cos.

87 613 123 689 tl.
153 619 226 682 Esto
248 623 308 700 eis,
333 621 477 702 Domine,
502 628 595 686 turris
615 621 806 688 lentitudinis.

87 727 122 803 Dr.
153 722 281 786 Alacie
299 727 423 788 inimici.

89 819 125 896 p·
156 823 298 906 Domine,
323 828 433 891 exaudi
456 829 625 892 or'atloncm
648 845 754 892 meam.

88 933 123 1008 lp.
153 926 191 990 Et
212 929 326 991 clamor
348 948 433 992 meus
455 931 491 994 ad
514 935 544 993 te
566 935 677 995 veniat.

88 1027 123 1103 tl.
154 1032 300 1096 Dominus
324 1033 488 1098 vobiscum.

87 1141 122 1215 lp.
152 1133 189 1196 Et
211 1153 281 1198 cum
301 1139 407 1216 spiritu
429 1141 491 1200 tuo.

564 1239 701 1306 Dremus'.

152 1339 294 1422 Respice,
324 1359 520 1423 quaesumus,
544 1327 690 1423 Domine,
715 1359 805 1426 super
825 1337 884 1409 lios
907 1343 1033 1410 famulos
1056 1345 1140 1427 luds,
1171 1351 1203 1410 et

62 1447 211 1507 institutis
233 1449 308 1524 tuis,
340 1445 447 1526 quibus
475 1450 722 1530 propagationem
751 1447 872 1512 humani
899 1454 1025 1534 generis
1045 1449 1201 1530 ordinasti,

61 1545 217 1631 benignus
239 1551 362 1626 assiste,
393 1553 441 1627 ut,
465 1553 516 1630 qol
539 1549 582 1612 'l'e
605 1555 728 1613 auctore
753 1551 940 1636 junguntur,
972 1550 1015 1617 'lc
1037 1555 1202 1617 ausiliante

64 1654 235 1713 serventur.
280 1649 335 1713 Per
357 1649 506 1714 Christum
529 1651 689 1716 Dominum
713 1660 857 1719 nostrum.
905 1661 937 1736 tp.
963 1651 1072 1722 Arnen.

148 1751 202 1816 His
226 1752 364 1835 expletis,
388 1757 414 1816 sl
436 1753 659 1820 benedicendae
680 1753 740 1819 sint
752 1755 891 1840 Nuptiae,
914 1759 1064 1840 palochus
1078 1749 1200 1824 lhsiam

60 1872 117 1936 pro
140 1873 251 1938 sponso
273 1863 305 1919 ct
326 1875 451 1939 sponsa,
479 1863 512 1921 ut
533 1861 565 1921 ln
586 1857 698 1928 hllssali
720 1859 855 1925 Romano
861 1907 871 1942 ,
902 1861 1049 1944 celebret,
1073 1865 1201 1928 seriatis

64 1959 216 2040 ominibus,
240 1977 317 2042 quac
338 1961 380 2024 lbi
403 1959 675 2042 praescribuntur.¹
677 1967 693 2040 J

582 2159 610 2228 ς.
627 2150 679 2218 72.

355 2278 407 2345 Dc
425 2273 670 2345 benedictione
688 2281 899 2361 nupuaium„

148 2411 170 2493 l.
195 2424 328 2506 ‚,Cavcat
349 2431 440 2490 etiam
462 2425 624 2508 parochus,
650 2445 704 2508 ne,
735 2428 854 2512 quando
877 2428 1023 2512 coniuges
1044 2431 1202 2510 inprimis

61 2533 178 2610 nuptiis
199 2529 439 2594 benedictionem
458 2535 640 2612 acceperint,
663 2548 718 2594 eos
740 2535 771 2594 in
788 2531 929 2596 secundis
944 2531 1111 2612 benedicat,
1135 2535 1202 2597 siva

61 2634 188 2713 mulier,
219 2637 285 2696 sive
308 2636 396 2695 etiam
420 2636 467 2695 vir
496 2633 533 2696 ad
561 2634 710 2698 secundas
737 2639 857 2716 nuptias
885 2640 1027 2700 trauseat.
1070 2633 1130 2702 Sed
1151 2633 1202 2698 ubi

60 2755 97 2800 ea
114 2741 200 2822 viget
215 2734 413 2812 consuetudo,
436 2740 507 2799 utsi
524 2737 632 2800 mulier
645 2741 758 2800 nemini
772 2755 903 2820 unquam
920 2743 1064 2821 nupserit,
1083 2739 1202 2800 etiamsi

60 2846 110 2904 uir
131 2840 221 2904 allam
244 2856 370 2904 uxorem
392 2838 545 2919 habuerit,
576 2845 696 2923 nuptiae
722 2839 957 2920 benedicantur,
988 2849 1024 2904 ca
1054 2838 1201 2904 servanda

60 2949 120 3007 est.
166 2942 226 3008 Sed
248 2944 358 3008 mduae
383 2946 502 3024 nuptias
529 2961 590 3008 non
611 2942 783 3022 benedicat,
814 2947 932 3007 etiamsi
959 2944 1025 3026 ejus
1047 2948 1095 3008 vir
1117 2960 1201 3007 nun·

61 3061 153 3127 quam
175 3064 302 3111 uxorum
325 3046 454 3110 duxerit.
479 3093 487 3110 .
512 3094 520 3110 .
543 3092 552 3108 .

149 3149 305 3214 Postremo
328 3153 517 3213 meminerint
540 3147 680 3232 parochi,
704 3168 722 3212 a
745 3149 903 3215 Dominioa
926 3153 1021 3233 prima
1043 3142 1216 3215 Adventus

61 3265 161 3336 namne
189 3253 228 3316 ad
255 3253 335 3316 diem
357 3241 558 3334 Epiphaniae,
587 3259 619 3315 et
646 3269 663 3314 a
685 3252 772 3315 Faria
794 3251 842 3316 lv.
867 3252 1009 3318 cinerum
1039 3267 1136 3336 nsque
1164 3251 1202 3316 ad

61 3356 207 3421 Octavam
236 3355 366 3420 Paschae
399 3356 564 3436 inclusive,
598 3355 804 3420 solemnitates
834 3359 1003 3438 nuptiarum
1039 3353 1201 3437 prohibitus

60 3479 149 3542 esse,
173 3457 209 3524 ut'
228 3463 354 3542 nuptias
377 3461 566 3536 benedicere,
589 3477 727 3542 sponsam
751 3455 922 3538 traducere,
951 3459 1093 3540 nuptialta
1115 3457 1202 3520 cclc-

61 3563 153 3628 brare
185 3567 333 3629 manna
386 3565 608 3630 Matrimonium
642 3567 743 3627 autem
776 3566 859 3626 omni
895 3566 1031 3644 tempore
1066 3558 1202 3624 contrahi

60 3665 233 3750 pomtm)

149 3771 187 3836 ll.
202 3769 258 3834 Per
280 3770 522 3835 benedictionem
545 3768 620 3835 hanc
643 3771 824 3851 nuptiarum,
848 3767 886 3831 de
904 3785 962 3852 qua
984 3767 1041 3834 hoc
1063 3767 1201 3834 locolll-

91 3961 115 4028 ¹)
133 3959 184 4012 titt.
201 3959 274 4012 llom.
290 3962 327 4012 til.
346 3961 453 4013 matrim.

90 4049 114 4114 Ι)
132 4045 182 4099 iiic
200 4045 272 4098 Rom.
290 4045 307 4098 l
325 4062 347 4099 a

113 4152 148 4196 Dc
160 4148 313 4192 momento.
