2746 4646
191 269 234 338 84
439 281 476 334 Da
493 281 677 350 impedimentis
695 284 880 334 matrimonium
898 277 1079 333 dirimentibus.

192 447 308 507 tametsi
332 445 487 522 proveniat
510 459 548 501 ex
571 438 676 516 dalo¹l
708 440 832 502 alterius
854 437 1056 501 contrahentis
1083 441 1113 497 et
1135 435 1186 496 ilat
1209 455 1332 498 causam

192 548 367 620 contractui,
392 543 472 606 nulla
496 543 584 605 moda
609 560 661 622 per
683 559 717 603 se
739 541 868 603 infirmat
891 545 1121 604 matrimonium.
1167 537 1221 600 Est
1245 557 1334 600 com-

192 653 291 712 munis
314 642 494 720 doctrina.²)
539 645 624 707 Ratio
647 652 702 721 est,
728 649 796 725 quia
821 645 885 707 talis
908 662 993 706 error
1016 662 1076 705 nou
1097 641 1175 702 tollit
1197 659 1333 704 consen-

193 771 258 816 sum
282 757 312 812 in
336 767 493 830 personam
517 749 553 810 ad
576 749 707 810 valorem
731 749 912 810 matrimonii
942 749 1118 826 requisitum
1143 745 1330 824 simpliciter,

192 855 246 918 sed
271 855 382 916 tantum
406 852 568 913 secundum
593 851 679 931 quid,
711 867 819 930 nempe
842 855 920 911 circa
943 848 1101 931 qualitates
1124 851 1154 905 et
1177 845 1331 907 acceden-

192 962 234 1019 tia
256 972 419 1037 personae,
450 973 516 1015 cum
540 974 597 1036 qua
628 953 828 1028 contrahitur,
859 970 936 1034 quac
959 969 992 1012 se
1014 949 1123 1010 habent
1150 949 1247 1010 salum
1279 967 1331 1028 per

170 1058 171 1061 ’
193 1061 314 1122 modum
337 1061 462 1120 rationis
484 1063 623 1135 motivae,
648 1075 702 1118 seu
719 1055 907 1136 impulsivae,
931 1061 961 1114 et
980 1070 1088 1114 causae
1106 1052 1185 1113 irrrali
1209 1057 1333 1112 extrin-

194 1147 292 1228 secae.
339 1159 407 1222 Dixi
434 1181 492 1241 per
514 1181 568 1234 se;
598 1179 651 1241 per
673 1160 812 1222 accidens
841 1161 921 1218 enim
949 1160 1038 1217 etiam
1066 1173 1151 1216 error
1180 1156 1339 1236 qualitatis¹

193 1269 412 1328 matrimonium
435 1263 583 1325 infirmare
606 1268 719 1344 potest,
744 1264 858 1324 scilicet

227 1370 259 1445 1)
282 1373 306 1431 si
338 1385 423 1430 error
452 1366 603 1448 qualitatis
632 1372 670 1427 sit
700 1384 785 1428 error
814 1365 993 1427 conditionis
1021 1363 1155 1441 servilis,
1186 1361 1215 1426 lr.
1242 1382 1269 1424 e.
1296 1367 1331 1439 si,

280 1476 330 1552 qui
354 1487 461 1532 servus
485 1476 545 1547 est,
570 1475 687 1550 putetur
710 1487 778 1531 esse
802 1467 890 1547 liber3

225 1575 260 1651 2)
282 1579 308 1636 si
330 1574 380 1634 illa
404 1574 546 1651 qualitas,
576 1573 614 1634 de
636 1591 693 1654 qua
717 1577 855 1634 versatur
885 1589 987 1652 error,
1020 1589 1164 1654 expresse
1186 1575 1333 1651 tanquam

281 1675 411 1738 conditio
435 1679 612 1737 matrimonii
636 1681 731 1756 posita
755 1678 860 1751 l'uerit;

217 1777 252 1858 3)
276 1785 300 1842 si
325 1797 409 1840 error
431 1780 579 1859 qualitatis
601 1783 632 1840 iu
655 1797 812 1860 personam
836 1784 875 1840 sit
897 1779 1075 1840 redundans.

283 1881 330 1946 tv.
355 1883 510 1944 Rationem
533 1884 654 1960 primae
674 1886 860 1962 exceptionis
879 1881 947 1943 vide
968 1881 1060 1956 inlra3
1085 1886 1160 1945 ratio
1180 1880 1335 1942 secundae

186 1981 296 2066 'patet3
333 1990 400 2066 quia
431 1991 500 2046 tunc
530 1985 687 2046 deficiente
716 1984 861 2065 ejusruadi
892 1985 1049 2065 qualitate,
1081 1984 1224 2045 ‹leficeret
1254 2003 1336 2045 can-

199 2089 288 2165 ditio,
328 2088 383 2149 sub
413 2105 470 2168 qua
501 2093 683 2149 contractum
713 2093 759 2148 est
787 2093 1022 2163 matrimonium,
1052 2093 1082 2147 et
1110 2095 1336 2167 consequenter

198 2190 340 2252 deiiceret
362 2195 426 2270 ipse
450 2209 624 2252 consensus.
655 2191 740 2254 Ratio
763 2197 873 2255 tertiae
896 2199 941 2254 est
964 2196 1032 2271 quia
1056 2192 1121 2252 talis
1145 2209 1231 2252 error
1253 2210 1335 2271 qua-

200 2294 291 2355 litatis
321 2294 448 2355 iuvalvit
480 2311 612 2355 errorem
645 2313 807 2376 persanae;
843 2295 897 2358 sed
929 2295 1079 2358 dil'ircilem
1108 2293 1166 2356 hoc
1198 2299 1229 2356 in
1265 2295 1336 2356 laco

197 2401 403 2476 quaestionem
439 2397 557 2458 obviam
588 2397 731 2460 habemus
764 2417 871 2478 nempe
902 2399 1021 2480 quando
1057 2416 1142 2459 error
1180 2399 1337 2477 qualitatis

194 2499 347 2561 redundet
383 2500 482 2561 taliter
513 2500 552 2561 in‘
575 2519 749 2580 personam,
785 2510 817 2577 ut
849 2504 981 2565 involvat
1012 2518 1145 2564 errorem
1173 2517 1335 2580 personae.

192 2599 397 2681 Respondeat
445 2603 477 2678 l)
500 2603 638 2665 Firmiter
660 2605 822 2666 tenendum
850 2612 905 2682 est,
938 2623 1072 2666 errarem
1096 2604 1248 2684 qualitatis
1273 2623 1337 2665 uon

193 2703 367 2766 ’redundare
402 2710 432 2768 in
461 2725 618 2787 personam
652 2727 690 2769 ex
720 2711 875 2787 pravitate
903 2711 1065 2792 qualitatis
1094 2709 1215 2787 ipsias;
1247 2712 1335 2786 quasi

198 2809 332 2888 qualitas
356 2813 426 2890 qaia
452 2815 552 2894 magni
576 2813 716 2874 momenti
741 2817 786 2872 est
809 2829 900 2891 prope
923 2809 1001 2871 idem
1018 2812 1124 2887 valeat,
1149 2829 1183 2870 ac
1199 2816 1335 2871 essentia

199 2928 254 2972 seu
277 2929 420 2990 persana,
454 2917 522 2993 quia
554 2915 721 2976 essentialis
749 2917 780 2975 lu
807 2913 864 2976 hac
895 2933 967 2976 casu
996 2919 1042 2975 est
1071 2911 1260 2975 solummodo
1285 2912 1336 2974 illa

193 3013 326 3092 qualitas
346 3029 512 3094 personae,
536 3021 600 3078 sine
624 3035 680 3097 qua
705 3035 771 3078 curu
793 3017 842 3079 illa
866 3021 1046 3078 matrimonii
1072 3020 1219 3093 essentia,
1251 3013 1281 3075 lr.
1309 3033 1335 3076 e.

198 3114 319 3176 traditio
349 3121 503 3195 potestatis
534 3123 565 3180 in
594 3136 679 3180 usum
714 3123 848 3200 carparis
876 3119 913 3181 ad
945 3120 1081 3200 capulam
1112 3122 1188 3200 apti,
1228 3115 1337 3179 haberi

202 3269 408 3282 μ-ῠ--Ἶ--ι

228 3361 250 3428 1)
269 3362 372 3426 Quaerit
390 3364 492 3432 aliquis:
512 3363 581 3427 „Cur
598 3365 773 3417 Ecclesiastico
789 3365 847 3429 jure
863 3369 958 3418 irritum
977 3334 1097 3436 ric'irari
1116 3366 1209 3431 injusta
1228 3375 1338 3436 cogente

268 3457 338 3500 metu
356 3450 520 3513 celebratum,
540 3467 590 3502 non
610 3454 681 3512 item,
707 3451 773 3521 quod
791 3453 824 3504 ob
842 3454 939 3516 dolum,
963 3471 1020 3504 curo
1039 3463 1123 3504 tamen
1142 3462 1278 3522 utrumque
1298 3457 1338 3503 in·

268 3535 438 3586 voluntarium
458 3535 593 3588 admixtum
612 3535 711 3600 habeat,
730 3538 897 3607 injuriamque
913 3541 1029 3590 coritiuet.
1049 3527 1122 3605 Resp.
1141 3537 1255 3589 Arbitror
1273 3540 1340 3590 hanc

268 3624 392 3671 rationem
418 3639 488 3683 esse,
512 3627 571 3692 quia
595 3631 677 3673 utrum
701 3629 740 3673 eis
757 3627 857 3689 aitpoeta
880 3627 966 3692 gravis
985 3627 1161 3685 intervenerit,
1187 3623 1341 3694 plerumque

269 3721 352 3757 coram
371 3708 485 3759 Ecclesia
510 3709 675 3760 demonstrari
700 3718 793 3776 potest,
818 3719 843 3762 at
867 3727 927 3762 vero
951 3710 1023 3760 dolas
1047 3710 1126 3760 lerme
1150 3711 1267 3762 occultos
1294 3723 1340 3774 est,

270 3807 363 3860 qnare,
388 3809 420 3844 ne
439 3794 515 3844 multa
539 3797 695 3846 matrimonia
719 3795 823 3846 dubium
847 3795 968 3846 haberent
986 3795 1113 3858 valorem,
1138 3795 1293 3863 expediebat
1312 3815 1341 3848 ea

270 3875 448 3930 Ecclesiastico
462 3881 521 3946 jure
538 3897 588 3932 non
602 3881 733 3942 infirmari,
751 3881 852 3951 quanda
864 3890 974 3948 spectata
991 3881 1097 3934 naturali
1112 3881 1171 3947 jure
1185 3881 1342 3934 subsistendi

270 3965 320 4014 vim
339 3963 478 4018 obtinent.“
507 3966 590 4034 Laym.
610 3968 626 4018 l.
646 3976 672 4018 c.'
686 3983 707 4018 c.
727 3969 750 4018 2.

229 4046 252 4118 ¹)
271 4047 398 4115 Laymann
416 4052 501 4104 Theai.
521 4069 581 4104 mor.
600 4052 641 4104 lib.
660 4055 684 4104 5.
704 4051 732 4103 in.
753 4051 792 4104 la.
811 4068 835 4119 p.
851 4054 878 4103 Δ.
897 4064 951 4124 cap.
970 4055 995 4106 2.
