2742 4660
144 163 164 228 2
498 176 535 230 Dc
554 178 711 230 matrimonio
729 173 869 244 secundum
887 191 924 230 ae.

144 353 288 417 expresso
319 352 353 397 se
383 338 513 396 invicem
544 333 677 419 obligant
710 333 747 398 ad
780 339 956 398 societatem
988 337 1068 396 vitae
1102 330 1283 394 maritalem.

143 440 179 518 2)
203 439 390 520 frequentius
417 455 471 519 pro
501 441 685 518 permanenti
713 453 749 501 ae
779 441 864 520 quasi
893 441 1038 519 perpetuo
1064 437 1141 520 jugo
1163 437 1221 496 viri
1253 437 1286 494 et

22 603 23 606 ,
144 543 287 620 luminae,
319 546 432 622 inquo
463 559 554 604 sensu
576 545 708 604 strictius
730 546 854 603 vocatur
876 541 1068 624 conjugium
1099 545 1130 602 in
1154 544 1286 620 utroque

147 663 239 710 sensu
262 645 481 714 accommodari
504 649 602 726 potest
625 643 691 706 data
713 643 858 724 delinitio,
883 649 908 708 si
931 644 1045 708 scilicet
1068 663 1128 708 vox
1150 641 1287 718 comun-

147 751 207 810 ctio
230 753 262 810 in
284 753 385 830 priore
407 765 499 812 sensu
521 751 656 810 sumatur
678 745 836 809 causaliter
856 753 889 810 'et
908 747 1076 812 eiiicienter
1097 765 1153 810 seu
1175 749 1285 822 active,

141 856 178 925 jn
200 856 368 934 posteriore
391 853 553 934 accipiatur
576 849 740 914 iornmliter
763 855 795 914 ot
816 854 946 931 passive.

90 1022 92 1025 .
231 955 267 1016 ii.
289 955 406 1018 Dicitur
432 959 531 1018 autem
554 957 587 1014 in
609 953 781 1016 delinitione
812 953 844 1031 i)
867 956 981 1018 viriet
1002 953 1140 1016 mulieris
1165 955 1196 1014 in
1219 967 1286 1014 nu-

146 1077 230 1121 mero
254 1057 414 1142 singulari,
446 1063 478 1120 ut
508 1053 686 1120 excludatur
713 1057 894 1140 polygamia.
926 1055 961 1133 2)
989 1055 1180 1133 conjunctio,
1210 1057 1230 1116 i.
1256 1069 1285 1115 e.
1348 1059 1350 1062 ’

145 1161 288 1244 obligatio
311 1166 412 1223 mutua
436 1165 466 1222 et
488 1177 584 1222 nexus
607 1178 647 1222 ex
669 1177 818 1222 consensu
845 1167 875 1223 ct
897 1165 1035 1242 pactione
1062 1162 1178 1236 oriens,
1209 1159 1285 1238 quia

146 1265 306 1344 copulatio,
331 1281 388 1345 qua
412 1265 633 1326 matrimonium
656 1269 893 1342 consummatur,
923 1280 983 1342 non
1006 1267 1053 1324 est
1075 1261 1112 1324 de
1135 1260 1281 1324 substan-

146 1371 186 1428 tia
209 1369 399 1428 matrimonii.
413 1363 438 1440 1)
462 1363 496 1440 3)
520 1367 674 1429 maritalia
697 1383 752 1429 sou
774 1365 916 1430 seruulis
939 1365 1126 1446 conjunctio,
1156 1382 1214 1453 qua
1237 1361 1284 1439 iit,

147 1475 179 1532 ut
209 1474 336 1550 uterque
359 1465 481 1532 alterius
508 1473 643 1548 corporis
666 1474 843 1549 potestatem
873 1473 1016 1553 accipiat,
1047 1475 1078 1532 et
1100 1471 1144 1529 sic
1164 1465 1287 1528 distin-

147 1577 250 1655 guitur
271 1570 308 1632 ab
331 1570 397 1633 aliis
419 1571 690 1651 conjunctionibus.
713 1571 748 1648 4)
771 1574 961 1636 individuam
983 1576 1066 1636 vitae
1083 1569 1288 1633 consuetudi-

148 1695 217 1736 nem
239 1677 388 1750 retinena,
412 1677 431 1737 i.
445 1691 471 1737 e.
496 1678 527 1734 in
550 1691 584 1736 se
607 1679 782 1754 perpetuum
806 1682 836 1738 et
854 1671 1131 1750 indissolubilem.²)
1154 1674 1189 1746 5)
1205 1675 1288 1735 inter

102 1799 117 1826 κ
149 1780 299 1856 legitimus
319 1793 486 1856 personas,
510 1780 651 1856 qnoniam
674 1782 725 1860 qui
748 1798 764 1842 a
787 1779 957 1860 nuptiarum
972 1779 1184 1860 conjonctione
1205 1776 1289 1858 legi-

138 1881 203 1964 ·bns
227 1884 348 1942 omnino
372 1877 486 1942 exclusi
510 1883 597 1958 sunt,
622 1884 840 1944 matrimonium
865 1901 898 1946 se
919 1887 1050 1945 invicem
1074 1878 1289 1968 conjungendo

151 1981 275 2046 ellicere
297 2000 358 2046 non
382 1987 517 2063 possum.

236 2085 285 2149 ill.
309 2085 461 2148 Dividitur
484 2090 702 2149 matrimonium

182 2188 213 2265 l)
237 2207 276 2251 cx
304 2193 420 2252 ratione
447 2193 572 2252 minoris
601 2190 650 2252 vel
679 2191 800 2276 majoris
830 2191 1022 2272 perfectionis
1049 2195 1081 2254 in
1109 2193 1286 2272 legitimum,

232 2299 346 2378 rutum,
368 2298 630 2368 consummatum
652 2293 817 2372 legitimum
838 2291 911 2356 illud
933 2297 1071 2374 vocatur,
1101 2293 1181 2376 quod
1203 2295 1288 2377 legi-

233 2399 306 2457 timo
329 2411 480 2458 comensu
500 2399 581 2458 inter
595 2412 739 2476 personas
762 2410 824 2458 uon
845 2395 1004 2476 impeditas
1018 2403 1205 2460 contractum
1228 2403 1285 2474 cst,

123 2580 126 2585 Ι
233 2503 414 2562 nontamen
437 2497 591 2561 Ecclesiae
614 2497 840 2560 ratificationem
863 2504 915 2562 aut
936 2504 1084 2564 rationem
1100 2499 1286 2564 sacramenti

231 2598 330 2680 habet,
355 2601 443 2682 quale
466 2600 537 2662 olim
560 2603 591 2662 in
607 2599 678 2683 lege
699 2605 823 2664 naturae
845 2601 1015 2666 ctltlosaica
1038 2608 1113 2682 erat,
1137 2621 1172 2664 ao
1194 2599 1287 2664 hodie

233 2706 325 2766 initur
353 2707 433 2766 inter
454 2720 515 2764 non
544 2701 724 2782 baptizatum
740 2693 742 2699 ’
756 2711 876 2784 rutam,
907 2705 986 2786 quod
1008 2705 1173 2769 comiadum
1196 2704 1284 2788 leges

233 2807 425 2889 evangelicas
448 2809 479 2866 et
501 2805 720 2868 ecclesiasticas
743 2825 760 2869 a
782 2807 939 2889 baptisatis
961 2814 1146 2875 contractam
1170 2813 1201 2871 et
1220 2807 1285 2874 Eo·

232 2908 342 2972 clesiac
370 2907 567 2971 ratificatione
593 2907 785 2989 approbatum
814 2917 876 2990 est,
909 2911 1042 2976 nondum
1065 2917 1166 2975 tamen
1192 2929 1284 2974 com-

233 3015 344 3074 mereto
366 3011 477 3075 carnali
490 3014 569 3074 iuter
589 3010 657 3074 illos
675 3011 788 3088 hahiio;
811 3021 1064 3092 concamaratum,
1087 3015 1167 3098 quod
1189 3033 1284 3080 acce-

232 3111 321 3176 dente
345 3113 456 3176 camali
479 3114 585 3194 copula
608 3115 773 3196 perlectum
797 3135 832 3180 ac
853 3111 1034 3200 completum
1057 3123 1111 3182 ast.

176 3215 211 3290 2)
234 3235 273 3278 ex
295 3221 410 3280 ratione
429 3217 588 3284 validitatis
610 3221 642 3280 in
655 3237 772 3294 ceram,
791 3227 1036 3302 praesumptam,
1056 3223 1231 3303 putativam
1254 3225 1286 3282 et

234 3319 381 3393 dubium
401 3337 509 3380 cerum
531 3325 593 3400 est,
617 3321 697 3403 quod
719 3337 787 3384 curn
803 3323 908 3388 valore
930 3329 1115 3388 contractum
1138 3327 1228 3407 atque
1251 3329 1286 3388 ut

124 3429 126 3434 '
233 3421 291 3483 iaie
314 3421 500 3485 sufficienter
521 3422 676 3505 probatum
699 3429 761 3500 est,
788 3435 1041 3510 praesumptum,
1067 3427 1146 3512 quod
1169 3447 1186 3492 e
1208 3427 1283 3492 Jnre

174 3694 197 3760 l)
216 3691 368 3748 Gatechism.
387 3695 456 3748 llom.
476 3695 491 3748 i.
511 3713 533 3750 c.

174 3781 197 3845 ²)
216 3779 365 3848 conjunctio
389 3783 508 3834 maritalis
531 3801 622 3836 nexum
649 3783 864 3851 indissolubilem,
892 3789 979 3840 saltem
1004 3789 1168 3858 praesertim,
1195 3796 1286 3856 suapte

216 3873 303 3918 natura
323 3867 432 3932 obtinet,
458 3869 634 3938 multomagis
653 3879 736 3922 autem
756 3889 786 3924 ex
805 3873 851 3924 Dei
870 3876 999 3942 primaeva
1017 3875 1190 3940 institutione,
1217 3877 1284 3927 sacri

215 3959 240 4002 et
259 3955 342 4021 magni
362 3957 473 4021 mysterii
492 3971 578 4010 causa.
602 3955 727 4024 laymaun
746 3989 780 3997 —
798 3957 856 4012 vide
874 3959 931 4012 inlr.
950 3957 982 4012 de
1000 3959 1127 4030 ligamine.
