2764 4664
479 273 560 328 cam·
577 261 780 330 mammonin..
1132 247 1195 330 221

144 411 198 475 llis
221 418 252 474 et
273 414 340 476 allis
362 413 440 480 bene
462 375 620 496 perpensis
641 414 669 478 S.
692 415 894 502 Congregatio
923 415 961 480 ad
993 416 1133 499 dubium,
1157 437 1196 482 an

64 518 283 578 matrimonium
313 521 351 578 sit
374 515 488 578 nullum
515 521 547 578 in
569 535 641 580 casu
670 524 727 582 eto.
751 519 923 601 respondite
954 519 1024 600 „Ex
1051 519 1196 584 haetenus

63 615 196 679 deductis
219 623 440 682 matrimonium
464 637 531 683 esse
554 621 667 684 nullum
688 626 722 684 in
745 623 840 686 oasu“
852 619 878 696 ¹)
901 627 957 688 eto.

540 792 656 856 casus
678 793 714 857 ll.

484 945 536 1004 De
560 944 767 1005 conditione.
807 931 810 938 ’

147 1099 169 1164 i.
192 1101 370 1177 Felieianus,
390 1103 512 1183 juventa
535 1103 623 1165 bonis
647 1123 706 1166 non
724 1103 872 1179 fortunae,
896 1103 949 1164 sed
972 1109 1097 1168 naturae
1111 1103 1197 1168 dives

62 1209 209 1268 contraxit
226 1208 445 1267 matrimonium
469 1223 537 1266 oum
554 1205 700 1268 llebronia
722 1205 822 1268 verbis
845 1205 982 1267 absolute
1004 1213 1035 1268 et
1056 1212 1123 1271 sine
1140 1207 1198 1271 ad-

59 1309 140 1389 jeota
162 1307 338 1370 conditione
361 1307 500 1388 prolatis;
516 1307 570 1370 sed
594 1311 734 1389 quoniam
758 1308 847 1388 paulo
870 1313 941 1370 ante
963 1309 1196 1374 celebrationem

61 1411 131 1472 dieti
155 1415 335 1474 matrimonii
358 1427 459 1473 coram
476 1410 601 1473 testibus
623 1415 731 1472 iterato
747 1416 982 1482 asseveraverat,
1006 1429 1041 1474 se
1062 1417 1093 1476 ln
1116 1431 1197 1477 uxo-

61 1531 123 1576 rem
146 1513 301 1576 ducturam
324 1512 517 1592 Febroniam,
550 1518 575 1576 si
599 1511 698 1574 dotem
722 1513 803 1575 mille
826 1527 986 1577 aureorum
1009 1514 1146 1592 allerret3
1169 1521 1196 1580 ui

61 1635 159 1692 secus,
182 1615 421 1694 nondueturnm,
446 1617 634 1679 etFebronla
656 1621 753 1697 primo
771 1618 833 1699 jam
857 1623 1026 1699 nuptiarum
1046 1619 1096 1681 dle
1117 1619 1196 1682 ultra

62 1720 138 1784 lassa
167 1727 249 1799 erat,
279 1737 334 1800 pro
363 1721 434 1782 dote
462 1721 519 1783 sihi
548 1739 611 1783 non
642 1725 815 1800 competere
839 1723 895 1784 nisi
926 1727 1047 1785 eentum
1076 1740 1197 1798 aureos,

59 1821 227 1885 Felieianus
250 1830 354 1886 eontra
372 1827 552 1887 matrimonii
571 1825 703 1888 valorem
730 1823 914 1904 reclamavit,
939 1842 1068 1906 seseque
1090 1845 1107 1888 a
1130 1831 1197 1890 toro

60 1929 90 1985 et
111 1927 225 1989 carnali
248 1931 430 1989 commercio
459 1945 526 1990 oum
558 1928 703 1990 Febronia
731 1911 889 2006 abstinuit;
921 1933 1091 2011 quaeritur,
1125 1948 1197 1993 num

58 2027 198 2090 nandum
221 2032 260 2090 stt
282 2045 336 2108 pro
359 2031 461 2093 valore
485 2031 532 2092 vel
556 2031 691 2093 nullitate
714 2033 894 2094 matrimonii
918 2035 962 2093 sio
984 2033 1152 2098 contracti?

148 2130 182 2192 ll.
206 2130 432 2212 Respondetur,
465 2132 600 2194 standum
624 2151 692 2195 esse
712 2151 767 2214 pro
790 2133 942 2214 nullitate,
967 2141 998 2197 et
1020 2138 1141 2219 quidem
1163 2141 1202 2200 in-

58 2239 190 2314 utroque
213 2232 337 2312 lurotu·
366 2237 453 2300 llatin
475 2242 532 2310 est,
556 2239 636 2314 ania,
659 2239 684 2297 si
707 2241 779 2298 satis
798 2242 926 2316 constet,
950 2239 1099 2304 delenisse
1121 2257 1199 2303 oon-
1242 2317 1244 2320 Ι
1359 2213 1363 2224 ’

57 2355 183 2402 sensum
206 2355 245 2399 en
267 2346 350 2418 parte
373 2341 481 2402 saltem
503 2343 597 2402 unius
620 2340 850 2419 contrahentis,
875 2340 912 2404 ad
935 2341 1068 2405 valorem
1090 2346 1199 2406 matri·

56 2444 153 2502 monii
177 2447 331 2521 exactum,
363 2443 500 2505 standum
530 2446 576 2505 est
599 2459 652 2521 pro
676 2441 811 2504 nullitate
834 2447 1032 2520 matrimonil;
1063 2449 1143 2526 atqui
1167 2448 1198 2506 in

57 2561 131 2605 nasu
156 2547 229 2607 satis
251 2550 383 2623 constat,
413 2544 562 2606 delenisse
585 2563 763 2608 eonsensum
796 2561 834 2606 ex
857 2551 940 2626 parte
962 2551 1051 2609 unius
1073 2551 1200 2609 eontra-

57 2644 177 2723 hentis,
202 2664 310 2728 nempe
332 2645 489 2720 Felioianl,
514 2663 589 2730 ergo
619 2653 675 2710 etc.
722 2647 824 2709 Minor
843 2649 931 2728 prob.
955 2647 1124 2712 Felieianus
1145 2664 1200 2729 per

58 2747 154 2810 verba
177 2754 245 2810 ante
268 2751 487 2812 matrimonium
509 2753 568 2810 tam
590 2755 800 2812 asseveranter
814 2752 928 2832 prolata
950 2757 1023 2815 satis
1045 2750 1198 2828 indicavit,

57 2867 149 2911 suum
182 2867 360 2914 eonsensum
388 2855 420 2913 in
443 2847 648 2915 contrahendo
677 2852 744 2915 lore
772 2853 956 2936 alligandum
986 2857 1106 2918 eventui
1130 2871 1200 2915 me-

57 2959 197 3015 moratae
225 2953 419 3033 eonditlonis,
452 2953 639 3034 proindeque
669 2953 800 3031 nullum,
833 2956 1007 3020 conditione
1039 2975 1099 3020 non
1122 2972 1200 3018 eve-

55 3061 180 3130 niente3
210 3073 278 3116 oum
305 3062 399 3141 igitur
425 3075 486 3119 non
514 3060 667 3133 evenerit,
699 3059 772 3118 satis
794 3060 928 3136 constat,
960 3059 1075 3122 nullum
1106 3059 1200 3122 luisse

56 3175 253 3222 consensum.
294 3157 356 3220 Nee
379 3163 530 3239 praesumi
554 3163 663 3238 potest,
687 3157 856 3222 Felielanus
878 3165 1009 3241 priorem
1032 3177 1200 3242 suam-vo·

56 3263 207 3326 luntatem
230 3267 377 3340 mutasse,
409 3261 478 3324 dum
502 3267 605 3343 postea
635 3263 665 3320 in
689 3257 892 3326 contrahendo
915 3265 1027 3327 nullam
1051 3263 1200 3344 expressit

56 3364 283 3439 conditionem
307 3369 490 3428 eontrarium
514 3368 594 3424 enirn
618 3369 690 3427 satis
713 3367 845 3428 ostendit
860 3370 982 3450 gemino
1005 3372 1103 3449 signo,
1128 3363 1199 3426 dum

55 3468 213 3531 intellecta
237 3465 416 3530 conditionis
432 3465 602 3529 deficientia
626 3471 724 3530 statim
745 3467 918 3532 reclamavit
940 3471 1043 3532 eontra
1066 3465 1200 3529 valorem

56 3573 257 3648 matrimonii,
281 3587 316 3632 ae
338 3575 460 3650 insuper
483 3587 551 3630 oum
568 3566 715 3634 Febronia
738 3569 851 3633 idcirco
875 3570 971 3632 noluit
993 3569 1200 3643 commiscerl3

56 3691 156 3758 quare
177 3679 210 3736 in
232 3673 384 3736 voluntate
407 3689 459 3734 sua
482 3672 650 3734 virlualiter
678 3675 845 3752 perstitisse
863 3669 1046 3754 judicandus
1069 3665 1199 3744 venit³).

56 3813 269 3822 ...m-*-

92 3863 116 3929 ¹)
125 3860 256 3924 ‚Theman
275 3860 376 3914 resolui.
397 3862 436 3916 16.
456 3859 536 3914 llartii
557 3861 624 3912 17211
640 3866 671 3912 et
682 3859 707 3914 8.
726 3857 786 3911 taio
805 3859 878 3912 1221.
897 3875 922 3913 v.
940 3859 1036 3932 1.·2811.
1054 3875 1079 3912 v.
1098 3859 1141 3913 lll.
1159 3859 1200 3912 to.
1284 3860 1289 3866 '

89 3950 114 4012 ²)
135 3948 174 4000 lta
193 3948 218 3998 ln
236 3947 310 3999 simili
319 3946 440 4000 Sanohea.
458 3945 502 3998 lib.
514 3947 538 3998 2.
556 3945 621 4013 disp.
640 3947 681 4000 45.
700 3964 723 4016 q.
742 3948 767 3998 2.
784 3945 915 4014 Pigeatelll
934 3953 993 3998 tom.
1012 3945 1037 3996 9.
1055 3959 1124 3997 conr.
1145 3942 1201 3996 iet.

87 4037 112 4106 1)
134 4033 279 4087 Eolzmann
297 4030 516 4086 luacunonieurn
533 4033 679 4098 practicam.
699 4029 741 4084 tio.
760 4032 784 4083 4.
802 4045 854 4083 eae.
873 4031 932 4084 228.
954 4031 957 4038 ’

998 4114 1059 4183 19*
