2746 4646
304 205 342 256 lla·
360 203 547 274 impedimentil
566 205 751 256 matrimonium
770 201 953 255 dirimentibus.
1140 183 1202 250 ’107

62 361 143 420 inter
164 359 311 438 infideles,
336 367 367 423 in
390 381 461 424 casu
485 363 594 442 Aposta
619 361 641 424 l:
666 341 734 423 Cor.
757 380 782 424 o,
808 361 835 422 7.
860 359 1021 434 dusoiuto,
1054 360 1132 422 redit
1155 361 1197 421 li-

63 462 164 524 berlas
192 464 290 525 valide
312 465 506 527 contrahendi
528 469 750 528 matrimonium
774 479 841 524 oum
873 462 930 524 olla
953 479 1096 542 persona:
1135 461 1199 526 lla-

63 571 235 628 trlmonium
268 575 364 630 morte
393 569 536 647 dissolri,
569 576 598 631 et
628 569 690 630 dari
721 569 871 628 licentiam
901 570 1123 629 matrimonium
1154 567 1202 628 al·

62 674 172 748 lerum,
198 672 317 730 tertium
341 677 397 732 eto.
421 671 632 749 contrahendi,
665 678 711 734 est
741 671 779 732 de
802 669 861 732 lide
892 675 996 732 contra
1028 668 1200 732 Montanum

61 779 91 832 el
116 757 336 856 Calaphrygus‚¹
355 777 404 856 qui
428 776 575 838 secundas
600 780 716 855 nuptias
739 775 976 842 formicationem
996 771 1149 851 deserunt,
1172 778 1203 834 et

60 882 178 938 constat
200 881 300 957 aperte
323 894 362 939 ex
384 877 412 941 S.
436 879 524 941 Paulo
543 879 631 942 llam.
655 879 685 941 7.
710 883 740 939 et
765 877 791 938 i.
816 875 884 938 Gor.-
908 877 936 939 7.
962 876 1011 937 ubl
1027 879 1085 939 all:
1109 875 1202 954 „tla-
1294 919 1308 934 .

59 979 119 1039 lier
143 979 262 1064 alligata
287 987 333 1042 est
355 982 426 1064 legi,
457 988 570 1062 quanto
600 987 734 1062 tempore
763 985 810 1042 vir
840 981 906 1061 ejus
935 982 1026 1054 ririt3
1064 979 1143 1058 quod
1172 983 1204 1041 si

60 1073 218 1142 dormierit
242 1087 287 1144 vir
310 1085 385 1166 ejus,
409 1083 545 1147 liberato
568 1091 630 1160 ast3
653 1089 700 1147 cni
723 1085 802 1162 vult,
836 1083 968 1147 nubat.“
1021 1080 1106 1154 Quod
1129 1099 1203 1144 verto

59 1190 298 1262 matrimonium,
344 1193 369 1249 si
406 1188 549 1250 duntaxat
590 1193 629 1251 sit
672 1195 785 1265 ratum,
830 1186 902 1266 per·
926 1192 1029 1248 volum
1069 1185 1203 1248 solumne

64 1289 115 1349 vel
140 1287 395 1368 dispensationem
418 1291 625 1372 Apostolicum
649 1291 772 1354 dissolvi
787 1295 892 1370 possit,
918 1288 1093 1353 ostendetur
1115 1288 1202 1352 inira.

59 1391 146 1468 Cum,
172 1397 204 1453 ut
227 1411 265 1453 ox
288 1393 375 1457 dietis
398 1403 488 1476 patet,
520 1395 671 1479 ligaminis
705 1393 908 1474 impedimenti
942 1391 1105 1473 prolrilreot,
1138 1397 1202 1452 tom

59 1513 96 1555 ne
121 1495 272 1556 vinculum
306 1499 603 1572 matrimonialiter,
635 1515 723 1578 quiam
757 1497 846 1560 modo
874 1497 970 1571 dioto,
1007 1495 1200 1574 dissolvatur,

58 1613 120 1664 tum
147 1616 195 1675 ne,
218 1597 429 1681 illo‘durante,
462 1601 541 1664 aliud
570 1605 791 1662 matrimonium
821 1600 910 1662 simul
940 1613 1007 1660 oum
1039 1603 1128 1660 tortia
1150 1603 1203 1664 in-

57 1712 154 1780 eatur,
180 1703 329 1787 agendum
353 1711 419 1784 erit,
448 1704 478 1780 i)
502 1705 539 1766 de
569 1703 838 1780 indissolubilitate,
872 1703 907 1777 2)
931 1702 968 1763 de
990 1705 1108 1764 ‘uanitate
1131 1721 1203 1764 ma-
1229 1738 1231 1751 ·

62 1810 206 1868 irinionii.
636 1821 637 1829 ¹

145 1907 179 1971 ii.
202 1909 423 1971 Matrimonium
449 1909 545 1972 valide
567 1915 647 1972 inter
669 1909 775 1972 fideles
797 1915 982 1971 eontrarium
1006 1913 1036 1970 et
1051 1922 1204 1970 *consilin-

63 2019 174 2073 malurn
199 2019 244 2073 esl
267 2011 402 2075 absolute
425 1997 631 2076 indissolubile
638 2033 647 2090 3
671 2013 727 2076 hoo
750 2019 797 2076 est
819 2013 857 2075 de
880 2011 947 2089 lide,
973 2030 1012 2074 ex
1028 2011 1204 2074 definitione

62 2116 153 2178 Ceno.
189 2115 268 2176 Trid.
301 2124 374 2178 sess.
409 2115 470 2179 2417
490 2115 526 2178 de
556 2123 641 2179 matr.
674 2135 738 2195 cap.
767 2119 848 2180 unio.
882 2119 911 2176 et
941 2133 1013 2178 uano
1038 2116 1068 2180 5³
1098 2111 1199 2192 oti„

62 2220 116 2298 „Si
141 2223 209 2300 quis
233 2219 351 2296 dixerit,
376 2225 498 2297 propter
519 2219 667 2281 haeresim
692 2224 743 2281 aul
766 2205 929 2281 molestam
942 2218 1202 2295 cohabitationem,

62 2329 112 2384 aiil
144 2321 313 2384 alleelatam
342 2321 547 2384 absentiama
578 2321 708 2404 conjugo
744 2320 867 2383 dissolri
898 2334 987 2402 posse
1021 2321 1203 2382 matrimonii

63 2425 234 2500 vinculum,
273 2445 298 2487 a.
323 2443 345 2488 s.
371 2461 415 2470 —
434 2443 490 2486 can
515 2427 544 2488 i.
568 2423 598 2487 Si
629 2429 695 2504 quis
723 2423 849 2502 dixerit,
890 2423 1055 2485 Ecclesiam
1088 2423 1202 2499 erroro,

67 2549 134 2590 curn
159 2527 262 2588 docuit
287 2534 316 2588 el
340 2527 437 2604 docel,
458 2528 543 2608 juxla
571 2527 777 2610 evangelicam
805 2533 836 2587 et
865 2527 1057 2606 aposlolloam
1089 2525 1205 2591 dueto-

63 2651 130 2693 nam
157 2637 279 2710 propter
308 2629 485 2692 adulterium
520 2631 643 2693 alterius
672 2631 810 2714 conjugis
840 2631 1017 2691 matrimonii
1039 2627 1202 2690 uinoulum

61 2753 121 2797 uon
152 2751 243 2814 posse
275 2733 414 2810 dissolvi,
454 2739 483 2794 et
515 2741 674 2812 utrumque
706 2733 756 2794 vel
785 2737 874 2794 etiarn
903 2737 1112 2810 innocentem,
1152 2733 1203 2811 qai

62 2857 183 2900 causam
208 2831 354 2900 adulterio
379 2855 437 2899 nou
461 2835 550 2914 dedii,
576 2853 636 2898 non
660 2855 765 2917 posse,
797 2837 891 2899 altero
915 2837 1044 2918 conjuge
1067 2838 1198 2913 vivonio,

61 2939 140 3001 aliud
166 2943 387 3004 matrimonium
411 2940 598 3016 contrahere,
624 2937 834 3018 moeohariqoe
863 2957 949 3016 eum,
985 2943 1051 3018 quii,
1075 2937 1198 3000 dimissa

61 3043 211 3119 adultera,
247 3043 334 3104 aliam
365 3043 499 3123 duxerit,
531 3049 561 3104 et
584 3058 667 3119 eam,
701 3057 794 3121 quae,
825 3041 948 3104 dimisso
971 3042 1121 3120 adultero,
1154 3041 1204 3106 alii

62 3149 206 3225 nupserit,
231 3165 256 3207 a,
281 3153 327 3208 s.“
337 3143 362 3222 ¹)
407 3147 451 3208 De
467 3149 656 3208 matrimonio
679 3151 778 3207 autem
802 3151 877 3223 rato,
902 3163 963 3207 non
985 3149 1201 3222 consummato,

18 3255 20 3259 ‘
61 3251 167 3310 eadem
198 3247 369 3330 ssy'nodus
393 3250 526 3312 delinivit
549 3259 614 3313 ean.
639 3249 667 3314 6.
693 3249 789 3331 ejusd.
812 3267 886 3312 sess
933 3249 1055 3331 Siquis
1077 3249 1199 3327 dixerit,

62 3357 285 3431 matrimonium
309 3359 422 3430 ratum,
448 3372 507 3416 non
532 3361 783 3432 consummatum,
809 3371 861 3434 per
884 3353 1049 3416 solemnem
1073 3353 1202 3436 religio-

55 3461 105 3548 nis
117 3454 337 3534 professionem
361 3457 483 3519 alterius
507 3460 670 3542 conjugum
693 3475 753 3520 non
771 3457 885 3531 diriiui,
908 3467 982 3518 as.
996 3456 1076 3518 undo
1094 3461 1204 3536 pariter
1297 3453 1304 3458 ’

62 3566 176 3619 eertum
202 3564 265 3636 est,
299 3563 520 3622 niatrimoninm
550 3569 646 3624 ratum
671 3579 740 3621 nou
774 3563 1014 3622 consummatum
1043 3567 1104 3620 uon
1135 3577 1204 3620 osse

62 3661 197 3722 absolute
228 3659 434 3726 indissolubile
466 3665 563 3746 quoad
592 3665 755 3752 vinculum.
808 3663 883 3724 Hine
914 3664 1080 3723 communis
1115 3665 1203 3721 etiam

62 3768 136 3825 iliter
153 3754 325 3848 'lheologos
348 3772 499 3833 sententia
525 3775 614 3852 tonet,
641 3772 820 3834 matrimonii
835 3753 891 3832 rati
909 3765 1060 3828 vinculum
1084 3770 1203 3848 praeter

71 3895 277 3909 -ι--ῃ-ι-ω-

85 3969 107 4037 '¹)
126 3969 200 4024 coni.
219 3968 313 4024 Carum
331 3971 397 4026 xvt
