2736 4660
479 229 560 286 clam
577 230 785 284 matrimoniales.
1142 212 1205 284 369

68 383 284 452 antecedenter
305 407 368 452 rem
387 387 532 454 habuerat
553 405 620 457 curn
642 394 738 452 matre
750 387 903 479 beatricis,
927 388 1111 472 obtentoque
1128 409 1207 454 con-

69 497 159 554 sueto
182 490 278 570 Brevi,
303 510 363 556 non
386 497 482 573 potuit
502 491 766 586 illud'qxecutioni
790 491 962 554 demandari
986 498 1107 574 propter
1128 511 1207 556 con-

68 600 185 656 suetam
208 594 388 676 clausulam,
412 599 442 658 sa'
463 596 625 675 occultam,
649 613 726 675 quae
743 598 900 676 apponitur
921 598 952 656 in
967 593 1111 658 Brevibus
1134 597 1205 659 dieti

68 697 256 776 Tribunalis,
289 699 395 778 copula
418 704 527 785 quippe
556 719 625 764 curu
653 707 748 764 matre
769 699 915 762 Beatricis
943 705 1007 762 erat
1035 699 1152 780 publlca
1175 707 1206 763 et

69 804 208 862 notoria„
244 863 249 872 ,
308 841 309 844 ¹

34 982 36 986 Ι
155 903 310 986 Denegata
333 904 485 985 praedicto
507 905 596 968 Brevi
619 911 819 985 executione,
848 908 962 968 audeus
980 903 1102 970 Summo
1123 904 1205 968 Pon-

69 1005 142 1068 tidoi
170 1025 224 1087 pro
253 1007 475 1086 dispensatione
504 1008 682 1089 supplicavit
713 1027 767 1088 per
797 1025 944 1091 organum
975 1007 1131 1086 Dauniae,
1162 1012 1204 1070 uti

68 1108 134 1172 heri
157 1110 261 1188 debet,
287 1110 406 1191 quando
428 1110 674 1190 impedimentum
699 1117 745 1173 est
767 1112 931 1191 pubiicum,
962 1116 993 1172 et
1015 1109 1111 1174 Breve
1139 1110 1206 1174 dis-

69 1217 255 1291 pensalionis
284 1214 410 1276 obtinuit
438 1193 611 1292 expeditum
640 1213 689 1276 die
721 1212 769 1276 13.
791 1212 904 1294 Aprilis
937 1209 1035 1292 17113
1065 1211 1119 1276 sed
1148 1231 1205 1275 nec

66 1314 140 1378 illud
164 1319 259 1394 potuit
282 1319 455 1380 executioni
478 1316 669 1395 demandari,
699 1336 766 1380 cum
789 1322 923 1398 tempore
945 1315 1124 1380 intermedio
1146 1313 1205 1378 ha-

68 1415 128 1480 bita
153 1416 251 1482 suerat
270 1423 373 1482 notitia
392 1420 518 1482 aliorum
539 1419 666 1482 duorum
684 1419 964 1500 impedimentorum
978 1419 1203 1498 impedientium

68 1519 342 1608 etdirimentiurn,
374 1522 514 1584 adulterii
538 1522 679 1584 videlicet
702 1523 738 1586 ab
761 1527 825 1602 ipso
848 1527 1009 1588 commisso
1032 1541 1100 1584 cum
1123 1520 1205 1584 Rea-

70 1609 164 1698 trioe,
185 1627 321 1704 tempore
343 1642 403 1705 quo
426 1625 583 1688 catharina
604 1629 700 1705 prima
722 1643 800 1688 uxor
824 1624 954 1704 vivebat,
977 1642 1045 1688 enm
1073 1628 1204 1704 prornis-

67 1729 154 1788 sione
174 1745 241 1790 eam
254 1726 381 1791 ducendi
406 1733 436 1788 in
460 1745 584 1790 uxorem
608 1735 675 1808 post
688 1728 775 1810 hujus
791 1728 914 1806 obitum,
938 1732 968 1787 et
988 1730 1078 1789 etiam
1093 1731 1204 1790 veneni

66 1827 244 1908 praedictae·
262 1836 376 1910 primae
406 1835 492 1893 uxori
516 1836 706 1912 propinatae,
736 1839 768 1892 ut
791 1834 1011 1892 matrimonium
1037 1848 1111 1892 curn
1134 1847 1204 1892 me·-

66 1938 182 1996 morata
205 1932 342 1996 beatrice
364 1933 541 1996 contrahere
563 1940 673 2014 posset.

155 2035 312 2100 Perlaesus
339 2041 454 2102 amicus
482 2037 629 2119 longioris
659 2054 778 2114 morae,
811 2039 1031 2099 matrimonium
1058 2035 1095 2098 de
1126 2033 1204 2098 lacto

43 2131 218 2208 contraxit
246 2157 315 2201 cum
341 2139 477 2202 Bealrice
507 2156 608 2202 coram
636 2138 764 2220 parocho
787 2146 818 2202 et
847 2138 988 2213 testibus,
1018 2145 1047 2198 et
1077 2155 1203 2200 cumea

65 2240 251 2316 cohabitavit
277 2247 308 2302 et
336 2242 374 2304 ab
402 2261 437 2304 ea
460 2247 520 2304 tres
549 2241 661 2305 liberos
688 2241 807 2318 habuit3
838 2258 966 2321 cumque
994 2241 1163 2302 admonitus
1186 2259 1206 2309 a,

65 2342 225 2406 sacerdote
249 2343 397 2427 Gregorio
420 2344 498 2406 della
520 2345 627 2424 Perna,
650 2343 681 2406 (i.
705 2345 735 2408 P.
758 2344 810 2423 0.,
835 2349 886 2425 qui
910 2346 1083 2406 missionem
1106 2341 1203 2404 lacie-

64 2448 117 2508 bat
139 2450 225 2511 annis
248 2451 416 2528 praeteritis
438 2452 468 2509 in
492 2447 596 2512 Castro
619 2448 647 2512 S.
668 2447 837 2523 Anatoliae,
860 2446 898 2510 de
919 2448 1089 2508 neccssaria
1111 2461 1203 2524 sepa-

64 2553 203 2628 ratione,
218 2554 264 2614 ..et
286 2550 324 2612 de
345 2550 458 2614 intelici
480 2557 559 2614 statu
581 2557 699 2614 animae
722 2568 804 2630 suae,
829 2565 984 2612 recursum
1006 2545 1144 2610 habuerit
1165 2545 1202 2610 ad

65 2669 91 2715 s.
116 2653 390 2736 Congregatioaem
413 2653 549 2735 Episcop.
573 2661 603 2716 et
624 2654 764 2737 Regulam
793 2654 830 2718 ab
853 2651 956 2714 eadem
979 2649 1057 2714 facta
1081 2655 1127 2714 est
1148 2667 1203 2712 ro-

65 2759 172 2819 missio
195 2756 232 2820 ad
254 2756 283 2820 S.
307 2756 337 2820 Ο.
362 2756 410 2832 0.,
440 2776 517 2838 quae
545 2763 673 2838 curavit,
705 2764 739 2820 ut
761 2757 799 2818 de
828 2755 953 2836 objectis
980 2753 1202 2834 impedimentis

61 2843 218 2947 jndicialis
240 2858 326 2920 lieret
346 2864 521 2942 inquisiti03
543 2861 596 2922 sed
620 2859 694 2922 nihil
715 2860 810 2939 aliud,
840 2876 929 2940 quam
952 2855 1079 2937 simplex
1100 2871 1202 2916 rumor

65 2959 105 3020 de
122 2966 244 3040 patrato
266 2966 392 3024 crimine
414 2967 511 3044 potuit
532 2963 667 3042 probari,
692 2967 740 3026 cui
763 2961 920 3026 obstabant
942 2979 982 3022 ex
1003 2959 1096 3024 altera
1118 2963 1202 3038 parte

66 3062 213 3127 clariores
235 3065 427 3144 probationes
450 3065 488 3128 de
511 3065 588 3130 sarna
611 3071 769 3132 contraria.
793 3065 869 3128 llinc
892 3064 920 3130 S.
944 3063 976 3126 C.
999 3062 1030 3126 C.
1053 3061 1091 3126 ad
1114 3059 1202 3122 dubia

68 3165 104 3242 l)
127 3184 167 3228 an
196 3171 236 3228 sit
262 3169 484 3248 procedendum
511 3169 549 3232 ad
580 3174 790 3232 executionem
812 3167 917 3230 Brevis
940 3168 1080 3230 Datariae
1111 3178 1203 3244 super

65 3269 282 3348 impedimento
305 3269 457 3338 affinitatis
479 3291 518 3336 ex
540 3273 646 3354 copula
676 3272 780 3334 illicita
800 3274 833 3332 in
856 3288 943 3348 casu,
967 3275 1041 3347 eto,
1071 3271 1102 3328 ct
1123 3282 1202 3346 qua·

66 3378 156 3436 tenus
178 3370 364 3454 affirmative,
389 3375 424 3452 2)
442 3396 480 3440 an
503 3393 670 3440 consensus
693 3394 709 3438 a
733 3370 975 3436 contrahentibus
991 3373 1031 3432 sit
1046 3385 1203 3432 renovan-

66 3474 124 3538 dus
146 3493 248 3540 coram
265 3477 396 3557 parocho
410 3484 440 3540 et
458 3480 587 3548 testibus
599 3483 631 3542 in
648 3495 720 3540 casu
734 3481 803 3555 etc,
826 3479 981 3556 rescripsit
996 3473 1046 3536 die
1066 3468 1114 3534 13.
1130 3469 1202 3533 lulii

69 3578 168 3644 17252
191 3579 262 3659 „hd
283 3563 412 3662 primurn
434 3580 622 3661 affirmative,
646 3581 767 3647 obtenta
780 3579 1002 3659 dispensatione
1020 3563 1075 3656 per
1090 3572 1202 3639 Secre-

66 3688 175 3748 tarium
199 3704 216 3748 a
238 3683 433 3748 Sanctissimo
456 3703 547 3767 super
569 3685 642 3750 lalsa
664 3686 862 3762 imputatione
891 3684 1117 3762 praetensorum
1139 3681 1202 3740 irn-

65 3788 324 3869 pedimentoruru,
346 3787 384 3850 de
406 3789 514 3870 qulbus
537 3792 645 3872 amiur.
688 3785 736 3850 nd
758 3783 922 3848 secundum
950 3781 1158 3846 affirmative.“
1174 3777 1200 3856 ¹)

92 3986 115 4054 ¹)
134 3986 256 4040 Thesaur.
273 3983 347 4036 rasni.
366 3983 391 4036 S.
408 3983 436 4036 C.
450 3983 478 4037 G.
493 3953 704 4039 Gausalloatina.
717 3991 776 4034 torn.
788 3980 832 4034 lll.
848 3997 873 4050 p.
886 3957 943 4032 isa.

108 4091 143 4132 Da
155 4088 308 4134 mstrlmouio.
952 4063 994 4132 24

157 4135 186 4208 ἱ
