2764 4664
180 181 245 260 254
552 199 588 260 De
607 198 696 260 causis
715 200 955 290 matrimonialibus(

266 373 299 448 ip.
317 365 349 442 l)
372 364 577 446 Affirnrctiac,
603 371 627 430 si
651 372 757 449 agatur
780 367 817 430 de
840 373 1030 448 separatione
1052 366 1322 444 conjectando

268 477 299 550 lb.
324 469 359 547 2)
382 467 569 532 Affirmative
597 473 685 532 etiam
708 457 891 550 probabilius
914 475 945 532 in
975 475 1041 550 ipso
1064 489 1135 533 casu
1157 471 1322 546 juridieae

180 573 400 656 separationis.
444 571 531 636 Ratio
554 577 616 650 est,
649 579 718 653 quia
742 572 919 652 divortium,
945 578 1122 657 ingratiam
1146 579 1323 638 innocentis

180 693 367 750 concessum,
391 692 452 736 non
476 674 565 736 debet
587 679 618 736 in
641 675 777 756 ejusdem
800 676 1021 738 incommodum
1045 675 1228 760 detorqueri.
1267 677 1323 738 ln-

180 777 375 862 telligendnm
398 783 497 840 autem
512 777 570 840 hoc
588 783 645 856 est,
670 778 757 844 modo
781 785 887 840 neuter
907 779 1069 863 conjugum
1090 785 1201 842 statum
1220 787 1324 844 mutn-

180 885 266 945 verit.
296 880 370 943 Nam
394 883 418 942 si
442 880 491 941 vel
515 881 626 962 conjux
649 885 812 960 innocens,
837 882 884 944 vel
908 882 1025 944 adulter
1047 888 1155 944 statum
1182 888 1320 962 mutavit,

181 1003 248 1048 oum
279 1001 430 1072 consensu
466 1001 610 1066 expresso
644 984 693 1044 vel
723 987 811 1046 racrro
842 989 1010 1048 innocentis
1045 983 1214 1065 profitendo
1245 987 1324 1048 reli-

181 1093 313 1171 gionem,
337 1086 385 1148 vel
401 1105 441 1150 ss.
452 1085 580 1148 Ordines
594 1087 797 1166 suscipiendo,
822 1087 934 1150 nullum
946 1088 998 1168 jus
1015 1093 1322 1166 superestinnocenti

181 1190 217 1254 ad
239 1189 440 1253 revocandum
464 1186 670 1264 nocentemflt
693 1188 798 1270 Neque
821 1189 956 1272 cogenda
980 1209 1048 1254 esse
1068 1190 1188 1252 videtur
1213 1192 1324 1252 mulier

183 1293 317 1356 adultera
345 1291 382 1356 ad
411 1291 596 1354 redeundum
623 1292 660 1354 ad
688 1297 801 1370 virum,
833 1296 950 1373 quoties
974 1298 1072 1372 potest
1102 1292 1324 1354 rationabiliter

180 1402 296 1476 timere,
323 1413 361 1458 ne
384 1395 547 1458 crudeliter
571 1400 720 1458 tractetur.
728 1391 756 1474 3)
1088 1409 1089 1412 ’

270 1499 441 1574 Quaeritur
456 1496 506 1564 4⁰>
530 1515 584 1575 an,
609 1497 684 1558 lacta
703 1497 832 1579 juridica
855 1502 1042 1578 separatione
1066 1497 1104 1566 ob
1126 1498 1323 1576 adulterium,

180 1603 293 1684 conjux
315 1606 464 1664 innocens
487 1605 625 1662 teneaiur
640 1600 739 1662 redire
763 1600 799 1662 ad
822 1607 1003 1680 compartenr
1027 1619 1092 1662 cam
1113 1607 1323 1675 revocantem,

182 1711 207 1768 si
231 1711 295 1786 ipse
319 1711 386 1786 post
408 1705 496 1766 latam
519 1707 715 1782 sententiam,
739 1704 840 1782 lapsus
863 1703 975 1765 luerit?

269 1816 303 1888 lt.
340 1807 594 1869 Controocrtr‘tor.
639 1807 757 1886 Nepant
780 1804 809 1868 S.
833 1805 955 1884 Titum,
980 1805 1129 1882 Sanc-bez,
1153 1807 1320 1888 Layrnann,

99 1955 103 1964 -
182 1909 303 1984 Gabar,
335 1909 363 1974 S.
387 1908 451 1993 Lrg.
476 1913 519 1988 (n.
544 1905 634 1984 968),
667 1907 828 1989 affirmant
854 1927 950 1990 aeque
979 1911 1171 1990 probabiliter
1200 1911 1321 1988 Covar,

182 2013 258 2078 Petr.
284 2001 423 2091 Barbosa,
447 2012 527 2094 Aug.
550 2010 690 2099 Barbosa,
715 2009 840 2084 Corink,
865 2010 1007 2094 lagnon,
1031 2011 1127 2095 Engl,
1151 2015 1321 2088 Wiestoer,

182 2104 395 2195 nerdenstuei,
419 2113 571 2191 Schmier,
597 2114 778 2198 Sobmelzgr.
825 2113 907 2178 ilatio
930 2120 1098 2177 sententiae
1117 2119 1239 2194 prioris
1263 2123 1320 2194 est,

182 2225 252 2302 quia
274 2224 387 2302 primus
411 2217 528 2282 adulter
550 2235 604 2298 per
622 2217 733 2298 judicis
750 2222 930 2280 senientiam
949 2220 1011 2300 Jam
1035 2222 1157 2280 omnino
1174 2219 1321 2298 spoliatus

182 2322 241 2385 luit
263 2327 342 2386 omni
361 2323 431 2402 jure
453 2339 544 2401 super
564 2325 767 2400 innocentem,
792 2359 831 2366 -
852 2325 1055 2404 posterioris,
1086 2324 1174 2403 quia,
1200 2321 1320 2400 quando

184 2444 271 2492 causa
295 2431 462 2489 sententiae
485 2431 592 2503 cessat,
617 2424 655 2488 ob
679 2444 767 2506 quam
791 2427 847 2490 lata
864 2431 920 2504 est,
943 2429 1082 2505 exceptio
1101 2429 1144 2486 ret
1164 2424 1321 2504 judicatae

184 2530 366 2609 admittitur3
394 2529 451 2594 hoc
478 2535 577 2593 autem
608 2529 656 2608 ιιι,
686 2528 807 2610 quando
836 2528 1013 2591 adulterium
1044 2532 1132 2590 eiiam
1156 2527 1194 2589 ab
1223 2511 1323 2590 altero

142 2633 147 2638 ’
183 2639 376 2700 commissum
399 2640 453 2697 est.

181 2822 236 2904 ll.
256 2824 307 2902 lte
334 2820 623 2900 dissolutione
644 2822 897 2900 matrimonii
920 2821 966 2900 ob
995 2822 1320 2919 inpedimentum

344 2949 684 3050 indispensallle
711 2949 908 3028 invalide
937 2953 1163 3026 contracti.

701 3131 727 3198 ς.
753 3119 802 3188 66,

268 3247 290 3313 Ι.
315 3250 466 3336 conjuges
493 3253 630 3332 portatici
657 3255 777 3333 propria
800 3253 976 3316 auctoritate
1006 3253 1232 3315 matrimonium
1255 3252 1324 3314 sol-

182 3371 255 3418 vere
277 3373 339 3418 non
361 3355 486 3434 debent,
516 3355 579 3435 sed,
606 3359 662 3418 nisi
687 3355 853 3436 periculum
877 3354 953 3418 adsit
975 3359 1006 3418 in
1030 3373 1122 3434 mora,
1147 3355 1322 3418 cohabitare

181 3456 455 3540 compellarunt)
486 3461 610 3522 secluso
639 3466 740 3522 tomen
772 3454 937 3539 copolo‚⁵)
972 3457 1068 3521 donec
1100 3477 1154 3540 per
1186 3463 1323 3522 rationes

209 3645 231 3714 ¹)
248 3643 287 3700 lta
304 3660 408 3710 omnes,
429 3641 499 3712 Gurp
518 3646 593 3698 1468.

208 3733 232 3798 ²)
250 3730 387 3800 Schmalzg.
407 3748 433 3784 n.
453 3732 509 3785 12³.
529 3731 588 3785 lat.

209 3817 232 3885 ³)
250 3817 275 3870 ε.
293 3816 345 3886 ng.
363 3833 389 3868 n.
407 3817 466 3871 aar.

208 3903 234 3971 ⁴)
251 3903 351 3956 Deerat.
370 3903 412 3955 lib.
431 3903 473 3954 lV.
491 3905 527 3955 tit.
546 3904 587 3956 19.
605 3921 627 3956 c.
646 3905 670 3958 3.

209 3987 677 4062 ἣωωῶηωῆεη
