2764 4664
485 201 565 256 Gatue
583 205 790 258 matrimoniales
1159 186 1221 252 3¹3

84 357 225 434 naturali,
239 364 280 420 et
302 365 463 440 perpetua,
487 375 564 440 quae
583 362 669 442 juxta
693 364 878 442 antiquiores
902 359 1070 444 Theciopos
1093 379 1153 424 non
1176 365 1222 424 est

81 460 331 540 impedimentum
360 463 505 526 dirimens
536 468 757 526 matrimonium
786 463 831 540 (S.
859 463 962 526 Tium.
990 461 1020 526 d.
1043 469 1119 526 sent.
1152 462 1220 526 urst.

82 560 134 625 34.
161 582 188 643 q.
217 562 242 627 i.
267 585 293 626 a.
318 566 345 628 2.
370 565 406 626 ad
429 567 475 637 5.)
497 573 548 632 aut
570 571 659 647 quia,
689 566 880 647 procedendo
908 570 995 628 etiam
1019 583 1086 628 eum
1110 581 1221 628 recen·

84 669 196 726 tiorum
222 671 374 746 opinione,
399 674 608 749 quiesserunt,
631 669 839 752 huncquoque
861 673 1066 750 impotentiam
1080 667 1221 730 dirimere

83 773 325 846 uratrimonium,
351 790 385 834 ea
411 779 509 832 tamen
534 773 623 834 unedo
644 773 773 851 subiate,
803 774 859 834 sibi
885 771 1037 834 vindicare
1060 787 1150 852 posse
1172 771 1221 832 le-

82 889 153 932 cum
185 871 303 936 videtur
330 879 470 938 constans
495 877 574 956 juris
598 881 778 957 propositio,
808 876 887 956 quod
918 875 1017 938 soiuto
1039 893 1092 954 per
1109 873 1245 960 judicis·

83 974 283 1036 ecelesiastici
304 979 483 1038 sententiam
508 982 831 1060 matrimoniopropter
853 981 1068 1058 impotentiam,
1093 981 1117 1038 st
1142 994 1218 1038 con-

78 1077 138 1156 jux
168 1077 231 1154 iiie,
273 1082 323 1158 qut
355 1078 507 1158 Judieatus
544 1088 591 1144 est
623 1086 791 1164 impotens,
826 1099 866 1144 ex
905 1087 971 1161 post
1006 1080 1084 1142 iacto
1114 1084 1220 1159 potens

82 1179 348 1259 deprehendatur,
388 1186 514 1260 primum
545 1189 766 1248 matrimonium
796 1191 842 1246 est
874 1181 1129 1267 reintegrandum.
1174 1181 1219 1256 (S.

84 1283 188 1346 Tirom.
213 1284 231 1346 l.
255 1289 308 1362 o).

171 1386 299 1449 &cntra
322 1394 421 1450 utitem
445 1387 577 1468 videtur,
611 1388 690 1469 qued
712 1395 754 1452 sit·
774 1390 857 1452 loeus
879 1393 1071 1450 matrimonio
1095 1393 1219 1450 eontra-

84 1488 182 1550 irendo
205 1494 285 1552 inter
306 1490 493 1571 Alphonsmn
516 1498 546 1552 et
567 1491 883 1572 iosephamSanehez,
906 1498 937 1554 et
959 1495 1002 1552 sie
1025 1509 1219 1572 consequen-

86 1597 140 1669 ter,
166 1593 245 1671 quod
278 1613 336 1656 non
365 1601 404 1658 sit
427 1595 673 1680 reintegrandum
698 1599 917 1659 rrratrimcnium
942 1599 1018 1656 inter
1035 1593 1219 1674 Aiph'onsum

84 1699 115 1754 et
131 1695 254 1756 diarium
267 1696 462 1776 Hernandez3
486 1699 542 1763 inii
564 1703 644 1762 enim
661 1697 718 1760 hoc
739 1703 961 1762 matrimonium
973 1698 1149 1760 dissolutum
1169 1716 1221 1778 per

83 1801 260 1860 sententiam
274 1800 436 1876 Ecclesiae,
461 1808 587 1866 servatis
609 1801 766 1865 servandis
781 1802 935 1883 proiciam,
959 1801 1092 1882 decajus
1116 1817 1220 1864 erroro

83 1918 144 1960 non
168 1906 212 1960 est
235 1910 370 1982 quaestio
393 1906 568 1984 excitanda,
600 1925 638 1967 ex
660 1923 719 1985 qno
741 1903 913 1986 Aiphonsns
944 1923 1005 1964 rem
1027 1902 1129 1966 habuit
1152 1920 1220 1964 curn

84 2007 204 2086 virgine
233 2005 362 2088 iosepha
385 2007 537 2086 Sancirez,
569 2009 725 2072 dissolutio
754 2008 902 2088 siquidem
934 2011 1113 2070 irratrimonii
1143 2009 1221 2067 inter

85 2106 270 2186 Atphonsum
294 2115 324 2168 et
342 2111 465 2176 Mariam
489 2118 635 2194 processit
658 2133 697 2176 ex
719 2114 892 2193 impotentia
912 2109 1036 2172 naturali
1052 2113 1221 2190 respectiva

86 2227 146 2271 non
169 2211 268 2291 quoad
291 2219 433 2294 speciem,
458 2217 511 2278 sed
535 2216 633 2298 quoad
657 2216 842 2280 individuum
867 2263 874 2277 .
901 2261 907 2274 .
932 2259 939 2274 .
966 2262 973 2276 .

172 2313 282 2376 Verum
312 2335 378 2379 curn
410 2317 483 2381 haee
513 2324 612 2383 omniu
641 2318 830 2400 dependeant
856 2319 894 2380 ab
916 2319 964 2380 itta
995 2317 1063 2378 iacti
1088 2310 1236 2378 circum-⁴

84 2421 203 2494 stantia,
228 2438 264 2482 an
289 2421 458 2500 Atpironsus
482 2439 544 2484 rem
567 2421 703 2486 habuerit
725 2441 792 2484 cum
816 2427 936 2506 virgine
957 2419 1104 2500 iosepha,
1128 2424 1159 2478 et
1180 2435 1220 2480 en

83 2523 249 2600 impotente
281 2529 410 2586 evaserit
440 2531 547 2607 potens
576 2526 674 2608 quoad
698 2531 849 2610 virgines,
880 2525 1141 2605 operaepretium
1174 2527 1220 2582 est

84 2633 260 2687 reverenter
285 2631 447 2706 insinuare,
476 2648 514 2690 an
536 2630 583 2692 hic
606 2637 636 2693 et
659 2647 739 2691 nunc
761 2627 1015 2710 supersedendum
1040 2630 1160 2686 sitiam
1183 2623 1219 2686 ab

83 2729 299 2791 instauratione
330 2735 510 2794 matrimonii
541 2753 608 2796 eum
642 2731 734 2795 Maria
765 2725 821 2808 HQ,
853 2747 940 2810 qnam
972 2749 988 2792 a
1021 2731 1219 2792 concessione

83 2829 223 2892 licentiae
246 2832 441 2896 contrahendi
464 2841 683 2899 matrimonium
707 2853 775 2897 eum
797 2833 925 2914 iosepha
948 2830 1090 2896 Sanehea.
1136 2829 1219 2890 Licet

84 2935 164 2992 enim
189 2940 337 2998 sententia
366 2955 457 3018 super
478 2938 675 3003 dissolutione
697 2941 877 3000 matrimonii
900 2955 1057 3015 nunquam
1080 2939 1221 2996 transeat
1318 2945 1319 2950 ’

83 3038 115 3096 in
130 3035 320 3117 judicatum,
343 3040 430 3103 habet
453 3047 552 3102 tamen
575 3060 628 3122 pro
650 3057 684 3104 se
707 3045 976 3122 praesumptionem
996 3040 1085 3120 juris,
1108 3040 1134 3098 si
1157 3054 1218 3098 non

83 3141 122 3199 de
142 3141 219 3220 J'ure,
245 3161 322 3224 quae
347 3159 406 3206 non
432 3143 550 3206 videtur
572 3144 634 3206 tetii
662 3161 752 3226 pesse
774 3161 814 3205 ex
844 3144 988 3205 relatione
1011 3141 1137 3204 duorum
1163 3157 1220 3220 pe-

83 3248 230 3321 ritorum,
256 3251 346 3307 etex
370 3265 491 3310 rumore
512 3247 730 3328 extrajudieiaii
754 3250 923 3308 commercii
948 3245 1095 3322 carnaiis,
1129 3243 1219 3306 habiti

82 3345 121 3406 ab
143 3345 296 3426 Alphonso
320 3368 387 3413 cnm
410 3347 539 3432 iosepha
562 3349 704 3414 Sanchez.

171 3450 340 3514 Consimiiis
367 3471 454 3516 casus
484 3453 540 3516 suit
565 3458 598 3515 in
625 3451 680 3514 irae
707 3452 735 3516 S.
760 3454 790 3516 Ο.
820 3453 972 3514 discussus
1002 3449 1051 3511 die
1077 3447 1125 3513 to.
1150 3449 1218 3530 Maji

86 3550 165 3614 titt
190 3557 221 3614 in
245 3555 370 3635 quedam
386 3575 466 3622 caus.
491 3555 632 3630 orielem
655 3557 752 3620 iuerat
775 3561 854 3618 entur
868 3555 1044 3617 dissolutum
1062 3557 1220 3616 matrimo-

83 3661 165 3716 nium
206 3667 327 3738 propter
364 3667 540 3740 perpetuum
576 3661 820 3742 impedimentum
856 3658 1043 3721 arctitudinis
1076 3657 1218 3731 seminee3

83 3777 213 3840 euntque
245 3765 291 3821 vir
323 3765 403 3825 atiud
441 3769 660 3827 matrimonium
695 3767 910 3840 contraxisset,
949 3762 1109 3842 pluresque
1148 3765 1219 3822 anni
1303 3789 1308 3798 ,

85 3862 175 3943 elapsi
200 3872 312 3944 essent,
337 3867 464 3944 fernim,
490 3887 566 3949 quae
590 3866 645 3928 fuit
667 3871 748 3928 arcta
773 3871 918 3946 reputata,
943 3865 999 3927 ierit
1020 3864 1057 3927 ab
1079 3865 1137 3925 aiio
1160 3863 1219 3925 de-

82 3965 196 4045 ssorata,
222 3974 272 4050 qui
296 3975 414 4050 paratus
438 3976 501 4036 erat
523 3969 561 4036 ad
584 3987 651 4036 eam
673 3974 704 4034 in
728 3987 851 4032 uxorem
876 3968 1060 4048 diruendam,
1093 3973 1219 4032 exorta-
