2764 4664
423 236 817 300 mcamismurrimmnuim.
1122 224 1186 300 255

53 407 229 470 manifestas
246 412 276 466 et
288 409 368 468 omni
385 409 565 486 exceptione
579 405 706 486 majores
720 405 963 486 impedimentum
980 411 1187 472 interveniens

52 511 256 590 probaverint,
279 508 359 589 quod
377 507 557 590 regulariter
578 509 641 570 lieri
664 509 753 572 debet
776 527 830 588 per
851 509 926 574 duos
949 510 1054 574 saltem
1079 517 1187 588 testes;

49 619 159 695 excipe
181 621 296 691 tamen,
323 617 348 674 si
372 615 489 676 notorie
511 617 645 686 constet;
676 618 747 674 tunc
770 617 859 674 etiam
882 618 1003 676 nemine
1026 621 1186 678 accusante

43 717 142 798 judex
166 717 387 778 ecclesiasticus
416 715 582 776 dissolvero
604 719 827 778 matrimonium
857 717 946 780 debet
968 721 1058 780 etiam
1087 717 1187 800 quoad

49 819 251 894 vinculum.¹)

137 940 172 1006 ll.
203 941 317 1002 Causae
340 939 573 1002 matrimoniales
601 943 689 1000 unice
712 939 749 1002 ad
772 938 949 1020 Episcopum
980 942 1011 1002 et
1033 940 1106 1004 sede
1129 959 1187 1004 va·

46 1050 137 1105 eante
167 1043 205 1104 ad
228 1041 376 1104 Vicarinm
404 1041 596 1120 capitularem
624 1061 679 1103 seu
705 1042 977 1105 administratorem
1001 1045 1185 1106 Dioecesens

46 1143 231 1226 spectantfi)
278 1144 352 1206 ilinc
375 1148 429 1223 ipsi
454 1144 572 1223 paroclri
596 1148 627 1206 in
650 1163 755 1208 causas
778 1145 982 1208 dissolutionis
1005 1150 1185 1209 matrimonii

46 1267 117 1312 sese
142 1267 203 1310 non
230 1252 405 1324 irmnittant,
439 1265 494 1308 nec
518 1248 631 1329 absque
658 1252 835 1312 auctoritate
857 1249 995 1330 Episcopi
1024 1249 1185 1312 divortium

46 1359 126 1414 inter
149 1353 294 1434 conjuges
324 1349 388 1412 lieri
412 1347 630 1431 perueniant-²)
676 1350 840 1432 Episcopus
867 1358 967 1414 autem
997 1353 1034 1414 ad
1064 1371 1185 1416 omnem

45 1461 197 1518 actionem
221 1453 258 1515 de
281 1453 477 1516 dissolutione
502 1458 682 1516 matrimonii
702 1453 896 1532 defensorem
917 1457 1108 1518 matrimonii
1126 1456 1185 1518 de-

46 1565 171 1641 signare
194 1564 283 1638 atque
305 1557 361 1618 sub
380 1557 551 1638 juramento
574 1556 709 1640 obligare
733 1556 839 1636 debet,
867 1563 900 1618 ut
923 1559 1055 1621 valorem
1079 1577 1184 1622 sacra-

48 1665 142 1721 menti
167 1661 298 1722 vindicet
321 1667 351 1720 et
373 1681 389 1722 a
412 1664 559 1722 sententia
589 1677 680 1738 super
712 1659 845 1722 nullitate
876 1661 989 1740 prolata
1018 1663 1184 1724 remedium

46 1763 257 1844 appellationis
279 1781 396 1844 semper
419 1767 598 1843 interponat,
607 1760 635 1836 4)
661 1763 731 1824 licet
752 1762 975 1826 evidentissima
994 1765 1056 1847 jam
1086 1765 1186 1828 adsint

47 1865 193 1928 nullitatis
224 1862 451 1938 documenta.⁵)
496 1865 564 1928 Post
595 1867 718 1930 alteram
750 1872 848 1930 tamen
881 1873 1062 1932 sententiam
1093 1874 1185 1950 priori

48 1968 236 2030 conformem
258 1975 390 2050 potestas
413 1969 591 2052 conjugibus
615 1969 679 2030 lieri
703 1976 801 2050 potest
828 1974 1050 2034 matrimonium
1073 1971 1186 2036 dissol-

49 2071 156 2151 vendi,
181 2072 264 2135 salvo
287 2091 408 2152 semper
430 2077 460 2132 et
482 2071 568 2135 lirmo
591 2079 768 2136 remanente
792 2075 863 2156 jure
886 2073 1055 2138 defensoris
1077 2078 1184 2137 matri-

49 2179 155 2253 monii,
179 2175 409 2255 appellationem
429 2176 636 2258 interponcndi
660 2177 697 2238 ad
712 2175 830 2239 Curiam
847 2177 1020 2257 Romanam,
1046 2195 1102 2242 neo
1124 2195 1185 2240 non

49 2279 210 2362 privilegio
234 2297 389 2342 causarum
411 2280 686 2360 matrimonialium,
709 2300 789 2362 quoe
811 2282 849 2343 od
872 2281 1083 2362 cujuscunque
1105 2287 1185 2372 tem-

44 2386 138 2463 poris
172 2384 294 2463 lapsum
327 2403 484 2465 nunquam
520 2390 684 2446 transeunt
722 2385 755 2444 io
793 2403 858 2446 rem
888 2384 1081 2462 judicatam,
1119 2384 1184 2462 sed,

45 2493 73 2558 si
96 2505 176 2550 nova
199 2503 265 2561 res,
293 2505 370 2568 quae
394 2504 453 2549 non
484 2486 611 2551 deducta
633 2488 683 2550 vel
711 2492 850 2572 ignorata
877 2487 986 2563 luerit,
1015 2487 1184 2572 detegatur,

48 2593 163 2653 resumi
192 2597 331 2670 possunt,
371 2595 401 2650 et
428 2607 531 2652 rursus
557 2594 589 2652 in
616 2590 789 2672 Jndicialem
822 2595 1058 2654 controversiam
1089 2607 1185 2652 revo-

47 2690 157 2770 cari.⁶)
191 2692 305 2757 Causae
328 2698 427 2756 autem
444 2693 688 2772 matrimoniales,
712 2698 789 2756 sicut
811 2695 887 2756 aliae
910 2694 1060 2757 adfurum
1082 2692 1185 2756 eecle-

48 2867 256 2880 unu—*flfl—-u-

74 2973 98 3039 ¹)
117 2968 272 3040 Schmalzgr.
291 2985 315 3022 n.
335 2969 376 3021 95.

74 3059 97 3125 ²)
116 3056 360 3112 concinnasse.
379 3056 419 3107 m.
438 3053 469 3106 de
488 3055 589 3107 raiorm.
607 3069 663 3122 cap.
682 3055 723 3106 20.
747 3052 815 3106 inter
833 3050 878 3104 has
901 3068 991 3106 causus
1010 3054 1086 3106 eliam
1104 3065 1184 3123 spon·

118 3144 182 3196 salia
200 3141 316 3194 habenda
334 3157 406 3206 esse,
425 3157 470 3212 per
487 3159 515 3193 se
533 3149 610 3210 patet.

73 3245 97 3313 3)
115 3245 232 3309 Parociri,
250 3246 308 3297 licet
325 3248 350 3297 in
369 3247 451 3312 ipsam
462 3247 613 3297 matrimonii
630 3259 731 3296 cansam
749 3258 806 3295 sese
820 3244 985 3294 intromittere
1000 3259 1050 3296 nou
1067 3241 1185 3308 debeant,

114 3347 167 3384 non
186 3333 254 3382 omni
273 3340 357 3384 tamen
371 3331 446 3382 modo
464 3331 496 3382 ab
514 3347 546 3382 ea
561 3321 742 3395 excluduntur3
760 3332 871 3397 ipsorum
890 3330 956 3380 enim
969 3344 1060 3380 munus
1077 3336 1123 3390 est,
1142 3333 1185 3379 aut

115 3416 220 3469 dissidia
246 3420 311 3469 inter
334 3417 452 3487 conjuges
478 3417 583 3480 sedare,
610 3426 654 3471 ant
676 3419 697 3467 si
719 3418 801 3485 agitur
824 3413 856 3466 de
881 3414 995 3465 nullitate
1024 3413 1185 3478 matrimonii,

116 3501 239 3573 conjuges
266 3504 307 3556 vel
331 3504 363 3556 ad
387 3504 520 3572 petendam
543 3504 755 3572 dispensationem
779 3501 918 3560 exhumari,
944 3499 985 3551 vel
1008 3499 1029 3549 si
1053 3496 1186 3565 indispen-

115 3591 196 3644 sabile
222 3590 302 3643 obstat
328 3591 549 3659 impedimentum,
576 3607 629 3642 rem
655 3590 687 3642 ad
716 3589 797 3640 lorum
820 3587 939 3654 Episcopi
967 3581 1075 3636 deferre.
1110 3584 1184 3636 lnstr.

114 3676 222 3745 Epicu.
239 3693 263 3744 p.
277 3677 336 3728 313.

74 3761 97 3829 4)
116 3761 246 3815 Benedict.
264 3763 328 3816 lllll.
346 3765 418 3825 „Dei
433 3765 618 3815 miseratioae“
638 3763 662 3815 3.
681 3758 802 3813 Novemb.
823 3757 896 3811 1711.

72 3847 95 3915 ⁵)
113 3848 138 3902 S.
157 3847 185 3900 0.
205 3845 232 3899 C.
255 3849 296 3902 26.
314 3847 420 3917 August.
441 3849 516 3902 11118.

73 3935 96 3998 ⁶)
114 3932 244 3986 Benedici.
263 3933 327 3986 itlv.
345 3933 361 3986 1.
380 3950 402 3987 c.
422 3941 447 3986 et
465 3934 598 4000 „Nimiam
616 3932 775 3986 licentiamt‘.
807 3928 846 3982 ie.
864 3925 923 3994 iiaji
944 3925 1018 3980 iata.
1047 3921 1184 3991 „linientes

112 4021 232 4090 omniuo,
252 4029 278 4073 ut
296 4019 348 4073 ullo
366 4022 391 4074 in
410 4037 471 4075 casu
489 4021 644 4075 matrimonii
664 4017 790 4075 vinculum
808 4015 957 4070 dissolutum
975 4019 1116 4079 censeatur,
1135 4013 1185 4070 uisi
