2736 4660
562 254 755 318 soractense.
1167 240 1231 318 403

115 483 165 548 10)
187 440 351 542 Forniula
369 477 634 555 supplicationis
657 493 721 554 pro
738 477 930 538 obtinenda
953 477 1215 552 dispensatione

115 579 221 640 super
237 566 374 626 occulto
392 565 642 640 impedimento
660 561 841 624 affinitatis
858 564 896 623 in
913 563 1026 636 primo
1043 565 1164 640 modu,
1183 567 1219 626 et

225 651 465 728 ecmannum
483 651 665 712 sanatione
683 650 898 711 matrimonii
915 650 952 710 in
970 651 1095 712 radice.

183 793 446 858 Reverendissima
469 814 504 857 ac
526 791 812 857 clementissimi).
829 791 1040 874 [tEpiscopet

185 897 370 976 Sempronia,
384 897 538 960 Dioecesis
549 896 584 960 N.
594 895 968 980 Nignaraimpedimenti,
984 900 1017 958 in
1034 893 1112 960 facie
1122 897 1233 960 Eccle-

101 1003 167 1060 siae
178 1003 208 1059 et
219 1003 391 1079 praemissis
409 998 693 1076 denuntiationibus,
717 998 875 1061 bonafide
901 1004 1051 1062 contraxit
1077 1005 1230 1063 matrimo-

104 1104 188 1162 nium
212 1120 279 1162 cum
302 1105 378 1177 viro,
403 1121 419 1164 a
443 1101 528 1181 cujus
550 1099 643 1164 fratre
659 1101 722 1175 (vei
745 1100 823 1176 filio)
851 1105 934 1181 prius
958 1083 1118 1164 carnaliter
1139 1101 1238 1166 iuerat

100 1208 233 1288 cognita.
266 1203 365 1276 Quare
377 1221 444 1266 curu
455 1204 567 1284 absque
578 1202 719 1268 scandalo
730 1208 862 1284 separari
886 1208 1083 1285 nonpossmr,
1106 1209 1137 1266 al
1151 1209 1235 1284 peri-

96 1307 197 1368 culum
218 1311 457 1372 incontinentiae
478 1311 529 1369 aut
551 1311 652 1390 gravis
675 1305 888 1372 diffamationis
910 1306 1017 1385 subsit,
1046 1312 1151 1370 marito
1175 1327 1234 1388 pu·-

97 1412 192 1472 tativc
215 1409 419 1488 impedimenti
444 1410 530 1489 plane
551 1413 664 1488 inscio,
696 1427 732 1470 ao
755 1409 901 1490 proinde,
932 1426 1098 1472 consensus
1128 1416 1234 1474 mairi-

98 1509 236 1572 monialis
278 1493 408 1592 nequeal
435 1515 573 1574 renovari
605 1511 718 1591 absque
751 1517 838 1594 gravi
868 1511 1060 1575 dissidiorum
1090 1515 1233 1595 periculo,

97 1610 169 1674 hinc
191 1613 335 1693 supplicat
356 1610 508 1674 humiliter
529 1630 583 1694 pro
607 1613 698 1674 celeri
721 1614 855 1676 remedio
885 1613 1116 1693 dispensationis
1144 1635 1235 1698 super

96 1714 268 1795 hujusmodi
291 1716 505 1796 impedimento
533 1719 651 1796 penitus
675 1717 809 1795 occuito,
841 1735 876 1778 ac
898 1716 1031 1800 quidem,
1063 1723 1096 1780 ul
1116 1719 1231 1798 dicuat,

96 1822 131 1879 in
153 1817 255 1880 radice
278 1823 470 1895 matrimonii,
494 1825 537 1894 ut,
559 1818 858 1899 absqueccnsansus
880 1823 1095 1898 renovatione,
1126 1826 1234 1886 matri·

97 1925 230 1982 monium
254 1924 354 1984 sanari
376 1921 481 1984 valeat.
527 1921 583 1984 Pro
606 1941 664 2004 qua
686 1926 783 2006 gratia
805 1926 916 2005 gratias
938 1927 994 1983 etc.
1017 1929 1168 2004 utsupra.

269 2145 317 2210 11)
335 2141 500 2204 Formuia
518 2142 781 2217 supplicationis
799 2141 845 2201 ad
862 2140 1049 2202 Datariam.

511 2254 704 2319 sanctissime
727 2255 832 2319 Patari

103 2465 105 2472 .
186 2383 353 2464 Exponitur
387 2381 540 2444 humiliter
575 2382 729 2447 Sanctitati
759 2380 895 2460 Vestrae,
930 2381 1093 2464 Georgium
1127 2381 1162 2445 N.
1203 2389 1233 2444 el

98 2485 217 2550 Annam
241 2485 275 2550 N.
300 2486 506 2559 Diocaesancs
529 2483 564 2549 N.
588 2485 622 2550 N.
648 2492 679 2546 et
700 2483 898 2568 parochianos
930 2501 1015 2559 meos
1047 2484 1233 2549 insecundo

99 2589 196 2674 gradu
219 2589 317 2670 lineae
340 2595 532 2652 transversae
554 2588 687 2670 aequalis
711 2605 778 2650 esse
802 2587 992 2668 conjunctos,
1023 2593 1055 2649 ui
1077 2605 1116 2649 ex
1138 2606 1234 2669 appo-

99 2696 158 2754 sito
181 2690 331 2756 schemate
353 2691 513 2776 colligitur.
559 2691 630 2754 Cum
654 2689 754 2752 autem
778 2689 874 2768 ambo,
899 2692 1030 2750 scientes
1052 2706 1122 2752 sese
1143 2683 1234 2772 pra‘c-

99 2793 179 2856 dicto
202 2798 469 2878 consanguinitatis
498 2791 595 2878 gradu
624 2811 691 2858 esse
720 2793 911 2872 conjunctos,
952 2809 1012 2854 non
1034 2791 1154 2872 quidem
1178 2793 1234 2855 sub

99 2915 153 2978 spe
176 2897 292 2960 facilius
313 2895 492 2977 impetrandi
516 2900 653 2980 gratiam,
676 2893 752 2956 adeo
775 2893 962 2957 familiariter
973 2899 1141 2956 conversati
1154 2899 1233 2973 sunt,

101 3006 132 3059 ut
156 3014 195 3060 ex
217 3015 255 3061 eo
279 3005 342 3061 orta
365 3004 404 3060 sit
425 3003 557 3078 suspicio
580 2999 651 3060 licet
673 2993 861 3077 salsa-quod
884 3013 917 3058 se
941 2995 1101 3058 carnaliter
1115 3013 1234 3080 cogno-

100 3106 200 3162 verint
223 3103 296 3179 (oct,
322 3107 492 3165 conversati
515 3107 589 3180 sint,
622 3108 654 3164 ut
677 3101 781 3182 copula
805 3099 933 3162 carnalis
956 3100 1054 3178 reipsa
1082 3101 1235 3159 interces-

98 3210 182 3283 serit,
207 3222 374 3286 sponsaqua
396 3209 602 3288 impraegnata
625 3206 760 3281 existat),
785 3208 904 3276 etcum,
927 3204 983 3263 nisi
1012 3203 1234 3293 matrimonium

98 3311 255 3370 intereos
277 3306 477 3386 contrahatur,
501 3307 550 3370 illa
573 3311 707 3390 graviter
728 3303 878 3368 diffamata
899 3310 990 3384 atque
1021 3306 1143 3382 innupla
1167 3319 1234 3362 ma-

100 3415 196 3488 neret,
220 3411 338 3491 aisque
370 3415 473 3493 gravia
502 3409 641 3472 scandala
664 3408 870 3471 verisimiliter
900 3408 1068 3479 orii-entur}
1109 3407 1234 3484 cupiunt
1294 3447 1298 3452 -

99 3517 238 3576 oratores
268 3513 409 3592 praedicti
439 3517 569 3576 invicem
600 3510 858 3574 matrimonialiter
878 3509 1032 3590 conjungi.
1087 3503 1235 3578 Quoniam

99 3631 173 3678 vcro
196 3613 377 3678 desiderIum
410 3631 514 3678 eorum
545 3616 657 3695 absquae
679 3611 764 3678 Sedis
791 3611 983 3692 Apostolicae
1013 3609 1235 3690 dispensatione

99 3719 255 3800 adimpleri
277 3735 339 3781 non
359 3724 468 3800 potest,
492 3717 656 3780 humillime
677 3733 732 3798 per
754 3731 803 3776 me
825 3713 1003 3794 supplicant,
1032 3716 1065 3772 ut
1087 3709 1234 3774 Sanctilaa

100 3827 208 3890 Vestra
230 3821 349 3899 iisdem,
373 3826 424 3902 qui
447 3839 520 3884 vere
543 3837 689 3902 pauperes
710 3825 780 3885 sunt
802 3821 833 3880 at
849 3814 1046 3894 miserabiles,
1068 3819 1099 3876 et
1121 3813 1159 3878 de
1180 3831 1236 3880 suo

99 3928 203 3994 labore
226 3943 366 3988 manuum
389 3931 421 3986 et
436 3924 585 3988 industria
601 3927 845 3999 tantumvivunt,
868 3923 995 4004 gratiam
1006 3915 1237 3996 dispensationis

99 4037 132 4094 in
159 4029 375 4111 impedimento
402 4027 556 4111 praedicto
584 4026 818 4099 clementissima
847 4019 1127 4190 Ιιιιςὶῠῖιὲίἕιιιιιιῐ.
1179 4014 1236 4082 Pro
