2742 4660
177 208 219 276 54
441 222 477 274 llo
495 221 678 289 impedimentis
696 220 892 290 impedientibus
911 221 935 274 iu
954 223 1047 290 specie.

176 387 353 463 praesertim
377 380 493 462 quando
516 379 760 460 impedimentum
779 383 818 440 sit
835 379 996 457 occultum,
1020 379 1173 462 obligetur
1194 379 1233 442 ad
1252 382 1312 440 irn-

177 487 366 570 petrendum,
389 491 420 546 in
443 491 583 565 quantum
607 483 644 545 ad
665 488 763 564 ipsum
786 489 913 563 specim,
939 484 1203 564 dispensationem.
1218 477 1242 556 ¹)

263 590 433 666 Quaeritur
446 585 510 662 3⁰):
535 586 611 649 Num
625 588 776 667 sponsalia
792 590 864 648 inita
878 586 934 648 sub
948 585 1119 648 conditione
1132 586 1311 650 obtinendae

175 695 404 774 dispensationis
427 691 638 770 impedimento
667 691 766 770 aliquo
790 689 949 752 dirimente
972 690 1021 753 vel
1047 689 1231 770 impediente
1253 694 1312 752 sint

175 794 361 862 accensenda
384 795 572 874 sponsalibus
595 794 827 858 conditionalis?

262 906 294 979 tt.
324 897 481 979 Negotive.
526 898 610 964 Ruiio
633 903 696 975 est,
726 901 811 976 quia,
839 896 1053 976 impedimento
1076 902 1247 978 supposito,
1270 898 1311 960 illi

166 1008 245 1067 ,suut
266 999 414 1064 inhabiles
436 1000 474 1060 ad
497 1004 735 1074 matrimonium,
764 999 894 1080 ideoque
916 998 953 1061 ad
977 999 1049 1062 nibil
1072 1001 1152 1066 eliud
1175 1019 1209 1062 se
1232 1001 1312 1062 obli-

175 1110 324 1188 gaverunt
347 1105 546 1183 promissione
568 1108 647 1164 inter
669 1120 702 1164 se
724 1107 807 1180 inita,
837 1121 924 1182 quam
948 1104 984 1166 ud
1007 1103 1225 1184 impetrandam
1247 1103 1312 1166 dis-

174 1211 389 1289 pensationem.
413 1205 537 1286 Insuper
560 1206 588 1270 S.
603 1206 633 1268 C.
649 1205 680 1268 C.
701 1202 748 1268 12.
764 1205 905 1268 Decemb.
923 1202 1003 1268 1733
1027 1212 1057 1266 et
1080 1203 1131 1267 26.
1147 1203 1213 1270 Jan.
1233 1204 1311 1270 1709

169 1313 232 1394 jam
254 1308 431 1384 declaravit,
458 1309 527 1370 talia
550 1309 700 1388 sponsalia
723 1326 791 1370 esse
813 1312 912 1384 irrita;
941 1307 1021 1370 unde
1043 1314 1140 1370 stante
1165 1308 1215 1370 tuli
1239 1327 1313 1387 pro·

173 1417 331 1489 missione,
360 1416 486 1492 utraque
510 1429 576 1492 pers
598 1414 700 1474 aalide
722 1413 758 1474 ad
786 1412 843 1474 alia
866 1419 965 1492 potest
994 1415 1121 1474 transire
1148 1412 1312 1492 sponsalia,

173 1523 204 1578 et
226 1519 315 1576 etiam
339 1517 430 1592 licite,
454 1519 479 1576 si
502 1515 594 1576 ultera
615 1533 683 1594 pars
706 1515 820 1576 nullom
844 1514 914 1576 inde
936 1520 1065 1595 patiatur
1087 1514 1238 1594 damnum,
1263 1523 1313 1577 aut

175 1619 235 1685 tale
258 1617 396 1684 damnum
419 1617 479 1682 alio
504 1618 591 1684 modo
613 1615 837 1693 resarciatur.²)

565 1779 570 1794 ⁸
596 1820 633 1888 ll.
656 1820 746 1888 tumn
768 1820 887 1904 siurplex.

686 1992 714 2057 §-
742 1977 791 2044 18.

261 2117 282 2185 l,
307 2117 371 2196 lllc,
396 2123 446 2198 qui
467 2121 575 2180 crinittit
600 2125 702 2180 votum
724 2118 935 2198 quodcunque,
958 2137 1082 2200 gravem
1104 2120 1233 2179 incurrit
1255 2120 1312 2181 ob-

169 2222 345 2303 ligationem
373 2221 447 2286 illud
478 2221 665 2302 exequendi,
698 2239 795 2300 neque
826 2221 937 2300 aliquid
967 2222 1136 2284 voluntarie
1167 2221 1308 2300 ponendi,

170 2325 248 2404 quod
279 2323 455 2388 adversetur
484 2324 564 2386 illius
587 2327 770 2388 executioni.
816 2324 892 2386 Hinc
921 2328 973 2404 qui
1003 2328 1107 2398 emisit
1124 2330 1230 2387 volum
1253 2325 1311 2386 uli-

120 2424 123 2433 '
169 2428 265 2506 qnod,
298 2428 382 2508 cujus
412 2427 561 2508 objectum
590 2427 812 2506 incompatibile
840 2433 886 2488 est
915 2445 982 2490 euru
1013 2430 1222 2505 matrimonio,
1255 2427 1310 2490 sub

168 2534 253 2611 gravi
283 2529 470 2610 prohibetur,
503 2549 541 2592 ne
564 2534 785 2594 matrimonium
816 2528 984 2604 contraham
1016 2547 1091 2612 ergo
1121 2530 1181 2595 lule
1205 2537 1310 2596 volum

166 2632 289 2712 impedit
311 2637 535 2696 matrimonium
558 2652 614 2696 seu
636 2633 736 2696 reddit
758 2633 905 2706 illicitum,
929 2650 989 2699 nou
1011 2638 1110 2694 etitem
1133 2631 1310 2710 invalidum,

167 2739 235 2816 quia
257 2742 360 2797 votum
384 2739 512 2817 simplex
535 2756 634 2818 neque
659 2754 779 2818 perse,
803 2753 902 2816 nequo
924 2753 978 2816 per
1000 2734 1227 2814 dispositionem
1252 2735 1313 2798 ali-

167 2857 257 2918 quem
277 2840 355 2919 juris
370 2842 491 2920 positivi
511 2839 599 2904 habet
618 2845 677 2904 vim
701 2839 778 2924 legis
794 2843 950 2918 irritantis,
974 2837 1027 2900 sed
1044 2856 1126 2900 mere
1142 2837 1313 2918 probiben-

164 2944 203 3002 tis
226 2939 385 3018 tantuin.³)

249 3044 286 3106 ll.
309 3044 399 3124 Vola,
424 3063 501 3126 quae
524 3050 556 3106 in
574 3046 655 3126 jure,
679 3051 712 3108 ut
735 3049 923 3109 matrimonio
946 3045 1137 3108 adversantia
1159 3063 1309 3125 expresse

163 3153 316 3227 notantur,
341 3155 410 3211 sunt
431 3149 506 3210 haee
528 3155 657 3229 quatuor
679 3153 820 3212 nimirum
842 3155 876 3223 a)
899 3154 1002 3214 votum
1025 3155 1188 3230 perpetuae
1212 3155 1311 3214 cusii-

162 3253 248 3328 tetis,
294 3249 327 3328 b)
356 3258 458 3314 votum
488 3256 564 3314 sacri
594 3253 724 3330 ordinis,
760 3256 791 3332 c)
819 3258 921 3316 voturn
949 3251 1141 3334 ingrediendi
1169 3253 1310 3316 ordinem

190 3487 213 3555 ¹)
232 3487 322 3558 linopp
341 3507 365 3557 p.
384 3491 444 3542 356.
462 3489 494 3543 ci.
513 3490 569 3542 Ges.
591 3489 674 3542 XLIV.

189 3577 214 3650 ²)
232 3576 293 3627 lnst.
313 3584 405 3643 pastor.
422 3575 493 3642 Eyst.
512 3594 536 3644 p.
556 3579 614 3628 265.
632 3577 724 3644 Knopp
743 3577 802 3629 338.

184 3651 207 3726 i)
225 3660 276 3712 Lib.
295 3661 319 3712 3.
338 3663 373 3712 tit.
394 3662 434 3714 15.
453 3663 618 3713 inserto-
638 3670 743 3729 excepto
761 3671 845 3714 tamen
863 3671 923 3716 voto
941 3664 1063 3731 simplici,
1089 3662 1156 3732 quod
1181 3665 1310 3716 emittitur

225 3748 253 3804 ,in
271 3749 391 3798 societate
409 3745 486 3808 lesu,
510 3749 551 3798 cui
570 3763 600 3799 ex
618 3749 796 3800 constitutione
814 3749 985 3802 ecclesiastica
1005 3750 1140 3817 (positiva)
1158 3751 1196 3800 vis
1215 3753 1308 3802 mutri-

226 3833 337 3883 monium
355 3831 467 3882 irritandi
483 3831 566 3885 addita
580 3842 627 3896 est,
646 3834 763 3890 videlieet
779 3851 809 3886 ex
825 3838 1003 3888 constitutione
1016 3833 1128 3904 Gregorii
1139 3833 1220 3898 Xlll.,
1238 3853 1309 3904 quse

225 3917 313 3983 incipit
336 3917 544 3980 „ascendentes
562 3948 596 3960 —
622 3917 694 3972 Conl.
714 3919 770 3975 lias,
789 3920 882 3985 XLIX,
904 3921 990 3974 LVlll.
1013 3937 1066 3974 non
1092 3929 1176 3974 autem
1201 3921 1308 3988 dirimit,

229 4004 294 4076 sicui
314 4009 403 4078 ratpirn
420 4004 547 4080 solemne,
565 4007 749 4077 matrimonium
764 4005 819 4090 jam
835 4015 1007 4073 contractum,
1025 4022 1076 4063 tion
1093 4018 1309 4066 consummatum.
