2764 4664
482 271 562 326 casus
581 257 787 325 matrimoniales.
1142 255 1206 322 327

56 431 165 490 monio
187 427 381 492 confirmatur
404 431 569 494 Antonium
594 429 633 492 La
656 428 738 512 Vega
762 429 855 492 luisse
878 429 1063 511 capellanum
1084 427 1204 512 Legio-

55 535 116 606 nis,
143 531 275 610 indeque
299 535 425 610 urrrplior
446 533 565 596 additur
583 538 673 615 vigor
697 531 900 595 testificationi
924 531 1022 594 editae
1042 531 1205 595 abeodem

56 634 241 714 presbytero
264 632 302 694 de
325 634 408 696 obitu
432 635 582 698 Franciscl
607 633 702 698 Smith
724 639 804 697 circa
828 634 917 696 linem
934 633 1085 713 Septemb.
1115 632 1204 711 1717,

46 743 209 824 utsupra
232 737 358 798 relatum
383 737 448 800 fuit.

149 838 197 900 Ad
213 845 380 901 extremum
395 848 441 902 est
459 840 532 904 illud
546 857 670 920 ,quoque
685 837 994 916 animadvertendum,
1016 836 1098 918 quod
1114 836 1205 918 prae'-

55 947 178 1022 positus
202 941 377 1021 parochialis
399 943 553 1006 Ecclesiae
576 942 614 1010 S.
628 941 740 1004 Mariae
762 941 860 1024 blegd.
891 945 923 1002 iu
946 941 1050 1002 eadem
1082 943 1203 1002 civitate

58 1045 215 1106 Laudensi
239 1050 365 1119 lestatus
390 1048 444 1110 luit
476 1047 659 1127 praedictum
683 1044 845 1108 Antonium
870 1036 1055 1120 Tribaldum,
1087 1043 1204 1106 baben·
1289 1070 1292 1088 ·
1335 1035 1341 1044 ’

56 1153 121 1206 tem
156 1147 338 1209 domicilium
370 1153 400 1210 in
424 1149 488 1230 ejus
518 1148 677 1231 parocbia,
709 1153 791 1210 recta
820 1151 1023 1224 conscientie,
1058 1146 1205 1226 bonisque

57 1252 196 1313 erroribus
221 1251 385 1330 praeditum
410 1269 488 1316 esse.
534 1249 764 1328 Quaestionem,
795 1268 831 1310 un
855 1249 1097 1330 adprobandum
1122 1267 1202 1312 con-

51 1353 142 1434 jugis
168 1360 292 1414 mortem
316 1353 444 1414 sulliciut
465 1373 547 1415 unus
573 1354 708 1416 oculatus
733 1356 828 1430 lestis,
851 1357 991 1434 proponit
1014 1351 1118 1414 Suncb.
1138 1352 1202 1414 12.

56 1457 136 1537 disp.
150 1449 202 1518 iu.
216 1477 244 1517 n.
261 1454 309 1518 lo.
333 1455 486 1518 Reiffenst.
506 1457 542 1518 ad
557 1461 597 1518 iit.
611 1456 650 1526 de
661 1457 785 1519 secund.
799 1462 879 1536 nupt.
900 1474 928 1518 n.
942 1451 993 1518 51.
1017 1454 1199 1538 Schmalngr.

56 1559 132 1620 ibid.
158 1579 187 1618 u.
217 1561 260 1620 il.

150 1661 201 1722 llis
225 1665 317 1743 igilur
343 1668 512 1742 perpensis,
538 1668 707 1745 quaeritur,
738 1682 775 1726 ao
799 1661 1014 1737 distendam,
1040 1662 1089 1722 vel
1111 1677 1201 1723 rece-

58 1764 194 1826 dendum
219 1765 267 1824 die
297 1765 342 1828 12.
364 1767 504 1828 Decemb.
531 1765 612 1830 1733
635 1771 667 1826 io
690 1785 771 1830 casu.
811 1765 840 1830 S.
865 1765 896 1827 C.
920 1764 952 1826 C.
976 1761 1131 1844 respondit
1153 1762 1201 1824 die

56 1866 110 1928 27.
137 1866 223 1927 Febr.
251 1864 332 1930 1734
355 1869 520 1945 „Arbitrio
543 1869 725 1949 Episcopi.“
742 1869 765 1941 ¹)

528 2099 646 2162 Casus
670 2097 732 2160 XX.

117 2212 120 2220 ’
164 2236 330 2311 Ligemen
348 2241 562 2300 matrimonii
579 2240 646 2300 rati
665 2253 747 2300 cum
764 2253 872 2298 uxore
887 2238 1096 2298 Aeatholice.

145 2377 280 2442 Joarmes
308 2379 412 2446 Petrus
440 2383 581 2462 Bouron,
613 2387 806 2464 negotiorum
838 2400 854 2442 a
884 2379 1044 2458 sereniss.
1060 2379 1200 2444 Electorc

56 2482 210 2558 Palatino,
243 2486 289 2542 cui
314 2489 506 2546 nuncetiam
530 2490 728 2548 ministerium
753 2484 889 2562 exhibet,
917 2488 944 2544 ei
968 2487 1198 2545 commissorum

56 2603 148 2645 causa
178 2605 202 2646 u.
233 2581 313 2645 1718
347 2590 431 2664 petiit
463 2591 611 2648 civitatem
642 2589 908 2649 Crucenaceusem.
954 2583 996 2646 lbi
1029 2584 1198 2646 diversatus

57 2687 136 2766 apud
153 2687 270 2748 Annum
291 2687 469 2750 christinam
486 2689 626 2766 Cumens,
649 2709 727 2772 quac
752 2689 868 2770 publico
885 2689 1002 2751 locabat
1025 2687 1195 2769 hospitium.

57 2810 96 2851 ex
120 2810 155 2851 ea
179 2789 293 2870 prolem
317 2795 448 2870 suscepit
471 2793 667 2876 illegitimam,
693 2811 769 2873 qaue
789 2791 922 2872 (proles)
947 2791 1118 2872 paulopost
1138 2809 1197 2876 en·
1269 2813 1272 2824 ·

58 2898 148 2955 tincta
173 2897 226 2954 est.
272 2891 366 2953 Vidua
390 2899 454 2955 erat
478 2913 512 2956 ea
536 2896 658 2972 femina,
683 2899 713 2955 et
733 2894 907 2957 Calviniauo
930 2893 1041 2956 imbuta
1065 2911 1194 2972 venenu,

57 3017 91 3058 ao
125 2993 165 3056 37
201 3000 306 3057 aetatis
339 3015 449 3058 animm
484 2997 591 3082 agebat
623 3000 705 3076 (ipso
736 3003 847 3080 agente
880 2993 921 3060 26
955 3015 1033 3059 anno
1064 2999 1195 3072 aetatis).

59 3097 291 3159 vehementibus
315 3099 379 3178 ejus
403 3103 618 3180 quaerimoniis
634 3097 746 3162 fractus
769 3103 925 3180 victusque
940 3099 1072 3162 loannes
1090 3097 1196 3162 Petrus

59 3200 298 3284 Heidelbergam,
323 3201 371 3262 ubi
396 3203 506 3264 residet
524 3200 682 3284 parochus,
707 3220 740 3264 se
759 3201 895 3276 contulit,
918 3209 949 3262 et
971 3200 1118 3263 catholico
1136 3206 1195 3263 ritu

59 3306 280 3366 matrimonium
306 3308 372 3364 iniit
402 3323 469 3366 uum
492 3305 580 3368 Anne
605 3303 752 3368 Christina
781 3304 830 3365 die
854 3301 881 3367 l.
906 3303 974 3385 blaji
1002 3299 1098 3380 1719,
1129 3305 1193 3382 sed,

58 3411 89 3467 ut
112 3403 250 3482 allirmut,
274 3411 373 3469 statim
396 3407 433 3470 ab
455 3427 490 3470 ea
512 3408 644 3484 divertit,
669 3425 725 3468 uec
748 3405 890 3487 deinceps
913 3423 1044 3486 unquam
1067 3423 1134 3467 cum
1159 3423 1193 3468 ea

59 3508 247 3572 cohabitavit.
294 3508 396 3588 ltaque
419 3511 455 3570 ud
479 3511 551 3572 ullas
575 3513 671 3592 magis
694 3527 727 3570 se
749 3511 814 3588 ipso
838 3507 944 3590 dignas
967 3511 1084 3588 nuptias
1108 3513 1194 3587 tran-

60 3615 118 3674 sire
140 3615 265 3693 cupiens
288 3616 348 3687 (est
371 3615 449 3674 enim
472 3609 635 3674 domnos
659 3615 760 3681 natus‘)
785 3609 919 3672 Pontifici
943 3609 980 3674 M.
1005 3599 1192 3692 supplicavit,

61 3721 90 3776 ut
118 3719 347 3805 matrimonium
372 3721 484 3794 rutum,
521 3733 577 3778 nec
608 3721 708 3778 tumen
741 3718 994 3791 consummatum,
1028 3713 1192 3779 dissolvere
1240 3709 1249 3720 ‘

60 3817 241 3900 dignaretur.

75 4023 95 4090 ἰ
112 4023 231 4076 Tbnsuur.
250 4003 353 4076 resolui.
372 4022 400 4076 C.
419 4022 554 4092 l’apiensin.
573 4021 622 4076 nol.
642 4021 682 4073 lli.
702 4038 726 4090 p.
745 4019 803 4074 215.
