<?xml version="1.0" encoding="UTF-8"?>
<!DOCTYPE html PUBLIC "-//W3C//DTD XHTML 1.0 Transitional//EN"
    "http://www.w3.org/TR/xhtml1/DTD/xhtml1-transitional.dtd">
<html xmlns="http://www.w3.org/1999/xhtml" xml:lang="en" lang="en">
 <head>
  <title>
</title>
<meta http-equiv="Content-Type" content="text/html;charset=utf-8" />
  <meta name='ocr-system' content='tesseract 3.04.00' />
  <meta name='ocr-capabilities' content='ocr_page ocr_carea ocr_par ocr_line ocrx_word'/>
</head>
<body>
  <div class='ocr_page' id='page_1' title='image "./dematrimoniotra00heisgoog_0033.png"; bbox 0 0 2742 4660; ppageno 0'>
   <div class='ocr_carea' id='block_1_1' title="bbox 120 204 901 272">
    <p class='ocr_par' dir='ltr' id='par_1_1' title="bbox 120 204 901 272">
     <span class='ocr_line' id='line_1_1' title="bbox 120 204 901 272; baseline 0 -2"><span class='ocrx_word' id='word_1_1' title='bbox 120 204 142 270; x_wconf 84' lang='lat'>8</span> <span class='ocrx_word' id='word_1_2' title='bbox 473 216 510 268; x_wconf 90' lang='lat' dir='ltr'><strong>De</strong></span> <span class='ocrx_word' id='word_1_3' title='bbox 529 217 686 272; x_wconf 87' lang='lat' dir='ltr'><strong>matrimonio</strong></span> <span class='ocrx_word' id='word_1_4' title='bbox 707 217 847 272; x_wconf 78' lang='lat' dir='ltr'><strong>secundum</strong></span> <span class='ocrx_word' id='word_1_5' title='bbox 865 232 901 270; x_wconf 82' lang='lat' dir='ltr'><strong>se.</strong></span> 
     </span>
    </p>
   </div>
   <div class='ocr_carea' id='block_1_2' title="bbox 80 374 1351 3365">
    <p class='ocr_par' dir='ltr' id='par_1_2' title="bbox 80 374 1259 864">
     <span class='ocr_line' id='line_1_2' title="bbox 121 374 1257 456; baseline -0.006 -14"><span class='ocrx_word' id='word_1_6' title='bbox 121 383 236 455; x_wconf 89' lang='lat' dir='ltr'><strong>autem,</strong></span> <span class='ocrx_word' id='word_1_7' title='bbox 270 395 338 440; x_wconf 89' lang='lat' dir='ltr'><strong>cum</strong></span> <span class='ocrx_word' id='word_1_8' title='bbox 368 393 422 456; x_wconf 88' lang='lat' dir='ltr'><strong>per</strong></span> <span class='ocrx_word' id='word_1_9' title='bbox 452 374 611 438; x_wconf 88' lang='lat' dir='ltr'><strong>decursum</strong></span> <span class='ocrx_word' id='word_1_10' title='bbox 645 381 812 456; x_wconf 89' lang='lat' dir='ltr'><strong>temporum</strong></span> <span class='ocrx_word' id='word_1_11' title='bbox 843 375 983 454; x_wconf 86' lang='lat' dir='ltr'><strong>iniquitas</strong></span> <span class='ocrx_word' id='word_1_12' title='bbox 1014 375 1195 436; x_wconf 70' lang='lat' dir='ltr'><strong>increvisset</strong></span> <span class='ocrx_word' id='word_1_13' title='bbox 1226 376 1257 436; x_wconf 87' lang='lat' dir='ltr'><strong>in</strong></span> 
     </span>
     <span class='ocr_line' id='line_1_3' title="bbox 121 474 1258 562; baseline -0.003 -21"><span class='ocrx_word' id='word_1_14' title='bbox 121 486 211 560; x_wconf 87' lang='lat' dir='ltr'><strong>terra,</strong></span> <span class='ocrx_word' id='word_1_15' title='bbox 235 485 329 544; x_wconf 89' lang='lat' dir='ltr'><strong>status</strong></span> <span class='ocrx_word' id='word_1_16' title='bbox 342 478 567 542; x_wconf 89' lang='lat' dir='ltr'><strong>matrimonialis</strong></span> <span class='ocrx_word' id='word_1_17' title='bbox 589 479 664 544; x_wconf 87' lang='lat' dir='ltr'><strong>adeo</strong></span> <span class='ocrx_word' id='word_1_18' title='bbox 683 479 882 562; x_wconf 76' lang='lat' dir='ltr'><strong>degeneratus</strong></span> <span class='ocrx_word' id='word_1_19' title='bbox 900 483 958 556; x_wconf 91' lang='lat' dir='ltr'><strong>est,</strong></span> <span class='ocrx_word' id='word_1_20' title='bbox 979 481 1012 538; x_wconf 92' lang='grc' dir='ltr'><strong>ιιι</strong></span> <span class='ocrx_word' id='word_1_21' title='bbox 1033 480 1154 556; x_wconf 86' lang='lat' dir='ltr'><strong>propter</strong></span> <span class='ocrx_word' id='word_1_22' title='bbox 1170 474 1258 538; x_wconf 86' lang='lat' dir='ltr'><strong>duri·-</strong></span> 
     </span>
     <span class='ocr_line' id='line_1_4' title="bbox 80 579 1259 662; baseline -0.001 -18"><span class='ocrx_word' id='word_1_23' title='bbox 80 608 81 611; x_wconf 40' lang='lat'>¹</span> <span class='ocrx_word' id='word_1_24' title='bbox 122 587 191 646; x_wconf 91' lang='lat' dir='ltr'><strong>tiam</strong></span> <span class='ocrx_word' id='word_1_25' title='bbox 222 583 323 646; x_wconf 92' lang='lat' dir='ltr'><strong>cordis</strong></span> <span class='ocrx_word' id='word_1_26' title='bbox 345 579 498 644; x_wconf 82' lang='lat' dir='ltr'><strong>hominum</strong></span> <span class='ocrx_word' id='word_1_27' title='bbox 529 585 707 644; x_wconf 74' lang='lat' dir='ltr'><strong>matrimonii</strong></span> <span class='ocrx_word' id='word_1_28' title='bbox 734 581 876 644; x_wconf 90' lang='lat' dir='ltr'><strong>naturalis</strong></span> <span class='ocrx_word' id='word_1_29' title='bbox 904 583 1035 644; x_wconf 86' lang='lat' dir='ltr'><strong>essentia</strong></span> <span class='ocrx_word' id='word_1_30' title='bbox 1057 581 1110 642; x_wconf 84' lang='lat' dir='ltr'><strong>vix</strong></span> <span class='ocrx_word' id='word_1_31' title='bbox 1140 583 1259 662; x_wconf 78' lang='lat' dir='ltr'><strong>integra</strong></span> 
     </span>
     <span class='ocr_line' id='line_1_5' title="bbox 122 683 1258 768; baseline -0.004 -20"><span class='ocrx_word' id='word_1_32' title='bbox 122 690 314 766; x_wconf 81' lang='lat' dir='ltr'><strong>persisteret,</strong></span> <span class='ocrx_word' id='word_1_33' title='bbox 345 683 461 748; x_wconf 87' lang='lat' dir='ltr'><strong>sublata</strong></span> <span class='ocrx_word' id='word_1_34' title='bbox 491 702 546 764; x_wconf 89' lang='lat' dir='ltr'><strong>per</strong></span> <span class='ocrx_word' id='word_1_35' title='bbox 575 684 706 748; x_wconf 89' lang='lat' dir='ltr'><strong>divinam</strong></span> <span class='ocrx_word' id='word_1_36' title='bbox 734 683 991 766; x_wconf 71' lang='lat' dir='ltr'><strong>dispensationem</strong></span> <span class='ocrx_word' id='word_1_37' title='bbox 1019 683 1089 766; x_wconf 82' lang='lat' dir='ltr'><strong>lege</strong></span> <span class='ocrx_word' id='word_1_38' title='bbox 1117 683 1258 768; x_wconf 77' lang='lat' dir='ltr'><strong>originali</strong></span> 
     </span>
     <span class='ocr_line' id='line_1_6' title="bbox 122 788 763 864; baseline 0 -14"><span class='ocrx_word' id='word_1_39' title='bbox 122 788 160 850; x_wconf 90' lang='lat' dir='ltr'><strong>de</strong></span> <span class='ocrx_word' id='word_1_40' title='bbox 183 789 322 851; x_wconf 87' lang='lat' dir='ltr'><strong>firmitate</strong></span> <span class='ocrx_word' id='word_1_41' title='bbox 347 793 377 849; x_wconf 87' lang='lat' dir='ltr'><strong>et</strong></span> <span class='ocrx_word' id='word_1_42' title='bbox 399 792 513 850; x_wconf 91' lang='lat' dir='ltr'><strong>unitate</strong></span> <span class='ocrx_word' id='word_1_43' title='bbox 537 791 725 854; x_wconf 89' lang='lat' dir='ltr'><strong>matrimonii.</strong></span> <span class='ocrx_word' id='word_1_44' title='bbox 737 788 763 864; x_wconf 89' lang='lat'><strong>¹)</strong></span> 
     </span>
    </p>

    <p class='ocr_par' dir='ltr' id='par_1_3' title="bbox 123 889 1351 2729">
     <span class='ocr_line' id='line_1_7' title="bbox 209 889 1259 972; baseline -0.002 -20"><span class='ocrx_word' id='word_1_45' title='bbox 209 890 257 956; x_wconf 84' lang='lat' dir='ltr'><strong>lll.</strong></span> <span class='ocrx_word' id='word_1_46' title='bbox 283 891 416 954; x_wconf 91' lang='lat' dir='ltr'><strong>Christus</strong></span> <span class='ocrx_word' id='word_1_47' title='bbox 430 891 576 956; x_wconf 80' lang='lat' dir='ltr'><strong>Dominus</strong></span> <span class='ocrx_word' id='word_1_48' title='bbox 599 891 729 970; x_wconf 86' lang='lat' dir='ltr'><strong>tandem,</strong></span> <span class='ocrx_word' id='word_1_49' title='bbox 753 895 805 972; x_wconf 86' lang='lat' dir='ltr'><strong>qui</strong></span> <span class='ocrx_word' id='word_1_50' title='bbox 826 894 906 952; x_wconf 91' lang='lat' dir='ltr'><strong>inter</strong></span> <span class='ocrx_word' id='word_1_51' title='bbox 927 889 984 954; x_wconf 89' lang='lat' dir='ltr'><strong>alia</strong></span> <span class='ocrx_word' id='word_1_52' title='bbox 1007 895 1117 954; x_wconf 87' lang='lat' dir='ltr'><strong>statum</strong></span> <span class='ocrx_word' id='word_1_53' title='bbox 1139 906 1259 972; x_wconf 88' lang='lat' dir='ltr'><strong>quoque</strong></span> 
     </span>
     <span class='ocr_line' id='line_1_8' title="bbox 124 991 1259 1074; baseline -0.002 -18"><span class='ocrx_word' id='word_1_54' title='bbox 124 995 374 1058; x_wconf 84' lang='lat' dir='ltr'><strong>matrimonialem</strong></span> <span class='ocrx_word' id='word_1_55' title='bbox 398 1013 458 1058; x_wconf 94' lang='lat' dir='ltr'><strong>non</strong></span> <span class='ocrx_word' id='word_1_56' title='bbox 477 995 566 1058; x_wconf 94' lang='lat' dir='ltr'><strong>modo</strong></span> <span class='ocrx_word' id='word_1_57' title='bbox 589 999 778 1074; x_wconf 86' lang='lat' dir='ltr'><strong>restauravit,</strong></span> <span class='ocrx_word' id='word_1_58' title='bbox 802 993 857 1057; x_wconf 88' lang='lat' dir='ltr'><strong>sed</strong></span> <span class='ocrx_word' id='word_1_59' title='bbox 878 997 908 1054; x_wconf 90' lang='lat' dir='ltr'><strong>el</strong></span> <span class='ocrx_word' id='word_1_60' title='bbox 931 991 968 1054; x_wconf 92' lang='lat' dir='ltr'><strong>ad</strong></span> <span class='ocrx_word' id='word_1_61' title='bbox 991 993 1145 1074; x_wconf 78' lang='lat' dir='ltr'><strong>maJorem,</strong></span> <span class='ocrx_word' id='word_1_62' title='bbox 1168 1011 1259 1073; x_wconf 87' lang='lat' dir='ltr'><strong>quam</strong></span> 
     </span>
     <span class='ocr_line' id='line_1_9' title="bbox 123 1095 1262 1181; baseline -0.004 -21"><span class='ocrx_word' id='word_1_63' title='bbox 123 1098 301 1181; x_wconf 81' lang='lat' dir='ltr'><strong>originalem</strong></span> <span class='ocrx_word' id='word_1_64' title='bbox 325 1097 501 1181; x_wconf 86' lang='lat' dir='ltr'><strong>dignitatem</strong></span> <span class='ocrx_word' id='word_1_65' title='bbox 525 1095 644 1161; x_wconf 86' lang='lat' dir='ltr'><strong>elevare</strong></span> <span class='ocrx_word' id='word_1_66' title='bbox 667 1097 779 1174; x_wconf 86' lang='lat' dir='ltr'><strong>voluit,</strong></span> <span class='ocrx_word' id='word_1_67' title='bbox 812 1097 853 1160; x_wconf 91' lang='lat' dir='ltr'><strong>illi</strong></span> <span class='ocrx_word' id='word_1_68' title='bbox 877 1096 1054 1180; x_wconf 85' lang='lat' dir='ltr'><strong>dignitatem</strong></span> <span class='ocrx_word' id='word_1_69' title='bbox 1076 1095 1262 1160; x_wconf 80' lang='lat' dir='ltr'><strong>Sacramenti</strong></span> 
     </span>
     <span class='ocr_line' id='line_1_10' title="bbox 125 1198 1262 1280; baseline -0.003 -19"><span class='ocrx_word' id='word_1_70' title='bbox 125 1202 227 1266; x_wconf 86' lang='lat' dir='ltr'><strong>tribuit</strong></span> <span class='ocrx_word' id='word_1_71' title='bbox 249 1205 280 1268; x_wconf 91' lang='lat' dir='ltr'><strong>in</strong></span> <span class='ocrx_word' id='word_1_72' title='bbox 303 1201 414 1280; x_wconf 80' lang='lat' dir='ltr'><strong>duplici</strong></span> <span class='ocrx_word' id='word_1_73' title='bbox 437 1218 538 1279; x_wconf 89' lang='lat' dir='ltr'><strong>sensu,</strong></span> <span class='ocrx_word' id='word_1_74' title='bbox 563 1208 594 1264; x_wconf 89' lang='lat' dir='ltr'><strong>ct</strong></span> <span class='ocrx_word' id='word_1_75' title='bbox 616 1203 730 1279; x_wconf 87' lang='lat' dir='ltr'><strong>latiori,</strong></span> <span class='ocrx_word' id='word_1_76' title='bbox 756 1205 786 1264; x_wconf 88' lang='lat' dir='ltr'><strong>et</strong></span> <span class='ocrx_word' id='word_1_77' title='bbox 801 1203 932 1279; x_wconf 82' lang='lat' dir='ltr'><strong>proprio</strong></span> <span class='ocrx_word' id='word_1_78' title='bbox 940 1219 949 1276; x_wconf 85' lang='lat'>3</span> <span class='ocrx_word' id='word_1_79' title='bbox 972 1205 1002 1264; x_wconf 91' lang='lat' dir='ltr'><strong>in</strong></span> <span class='ocrx_word' id='word_1_80' title='bbox 1025 1217 1117 1262; x_wconf 88' lang='lat' dir='ltr'><strong>sensu</strong></span> <span class='ocrx_word' id='word_1_81' title='bbox 1140 1198 1262 1280; x_wconf 88' lang='lat' dir='ltr'><strong>quidem</strong></span> 
     </span>
     <span class='ocr_line' id='line_1_11' title="bbox 123 1302 1262 1384; baseline -0.003 -19"><span class='ocrx_word' id='word_1_82' title='bbox 123 1307 230 1367; x_wconf 82' lang='lat' dir='ltr'><strong>latiori</strong></span> <span class='ocrx_word' id='word_1_83' title='bbox 251 1307 439 1366; x_wconf 87' lang='lat' dir='ltr'><strong>matrimonio</strong></span> <span class='ocrx_word' id='word_1_84' title='bbox 463 1309 552 1366; x_wconf 89' lang='lat' dir='ltr'><strong>etiem</strong></span> <span class='ocrx_word' id='word_1_85' title='bbox 567 1311 634 1370; x_wconf 91' lang='lat' dir='ltr'><strong>anie</strong></span> <span class='ocrx_word' id='word_1_86' title='bbox 650 1303 799 1366; x_wconf 84' lang='lat' dir='ltr'><strong>Christum</strong></span> <span class='ocrx_word' id='word_1_87' title='bbox 823 1307 865 1366; x_wconf 92' lang='lat' dir='ltr'><strong>uti</strong></span> <span class='ocrx_word' id='word_1_88' title='bbox 881 1307 1050 1378; x_wconf 87' lang='lat' dir='ltr'><strong>annuimus,</strong></span> <span class='ocrx_word' id='word_1_89' title='bbox 1073 1302 1262 1384; x_wconf 84' lang='lat' dir='ltr'><strong>aliquatenus</strong></span> 
     </span>
     <span class='ocr_line' id='line_1_12' title="bbox 124 1407 1260 1490; baseline -0.003 -21"><span class='ocrx_word' id='word_1_90' title='bbox 124 1412 270 1470; x_wconf 91' lang='lat' dir='ltr'><strong>rationem</strong></span> <span class='ocrx_word' id='word_1_91' title='bbox 293 1413 472 1470; x_wconf 83' lang='lat' dir='ltr'><strong>sacramenti</strong></span> <span class='ocrx_word' id='word_1_92' title='bbox 491 1407 668 1485; x_wconf 90' lang='lat' dir='ltr'><strong>habuerunt,</strong></span> <span class='ocrx_word' id='word_1_93' title='bbox 695 1411 871 1487; x_wconf 86' lang='lat' dir='ltr'><strong>inquantum</strong></span> <span class='ocrx_word' id='word_1_94' title='bbox 890 1413 976 1468; x_wconf 88' lang='lat' dir='ltr'><strong>erant</strong></span> <span class='ocrx_word' id='word_1_95' title='bbox 993 1407 1107 1490; x_wconf 83' lang='lat' dir='ltr'><strong>figurae</strong></span> <span class='ocrx_word' id='word_1_96' title='bbox 1128 1409 1158 1465; x_wconf 91' lang='lat' dir='ltr'><strong>et</strong></span> <span class='ocrx_word' id='word_1_97' title='bbox 1172 1408 1260 1487; x_wconf 86' lang='lat' dir='ltr'><strong>signa</strong></span> 
     </span>
     <span class='ocr_line' id='line_1_13' title="bbox 125 1507 1261 1593; baseline -0.004 -21"><span class='ocrx_word' id='word_1_98' title='bbox 125 1513 345 1592; x_wconf 88' lang='lat' dir='ltr'><strong>conjunctionis</strong></span> <span class='ocrx_word' id='word_1_99' title='bbox 369 1509 485 1573; x_wconf 89' lang='lat' dir='ltr'><strong>iuturac</strong></span> <span class='ocrx_word' id='word_1_100' title='bbox 509 1509 617 1572; x_wconf 84' lang='lat' dir='ltr'><strong>Christi</strong></span> <span class='ocrx_word' id='word_1_101' title='bbox 641 1529 707 1572; x_wconf 93' lang='lat' dir='ltr'><strong>cum</strong></span> <span class='ocrx_word' id='word_1_102' title='bbox 731 1509 874 1588; x_wconf 81' lang='lat' dir='ltr'><strong>Ecclesia,</strong></span> <span class='ocrx_word' id='word_1_103' title='bbox 899 1509 1007 1573; x_wconf 89' lang='lat' dir='ltr'><strong>sedin</strong></span> <span class='ocrx_word' id='word_1_104' title='bbox 1028 1513 1133 1571; x_wconf 92' lang='lat' dir='ltr'><strong>minori</strong></span> <span class='ocrx_word' id='word_1_105' title='bbox 1155 1507 1261 1593; x_wconf 85' lang='lat' dir='ltr'><strong>gradu,</strong></span> 
     </span>
     <span class='ocr_line' id='line_1_14' title="bbox 127 1611 1264 1694; baseline -0.002 -20"><span class='ocrx_word' id='word_1_106' title='bbox 127 1631 217 1694; x_wconf 91' lang='lat' dir='ltr'><strong>quam</strong></span> <span class='ocrx_word' id='word_1_107' title='bbox 240 1617 320 1674; x_wconf 89' lang='lat' dir='ltr'><strong>inter</strong></span> <span class='ocrx_word' id='word_1_108' title='bbox 343 1611 457 1690; x_wconf 83' lang='lat' dir='ltr'><strong>fideles,</strong></span> <span class='ocrx_word' id='word_1_109' title='bbox 482 1631 550 1675; x_wconf 88' lang='lat' dir='ltr'><strong>oum</strong></span> <span class='ocrx_word' id='word_1_110' title='bbox 571 1615 730 1692; x_wconf 82' lang='lat' dir='ltr'><strong>innuptiis</strong></span> <span class='ocrx_word' id='word_1_111' title='bbox 752 1611 920 1675; x_wconf 88' lang='lat' dir='ltr'><strong>christianis</strong></span> <span class='ocrx_word' id='word_1_112' title='bbox 944 1631 1005 1676; x_wconf 90' lang='lat' dir='ltr'><strong>non</strong></span> <span class='ocrx_word' id='word_1_113' title='bbox 1022 1611 1151 1692; x_wconf 87' lang='lat' dir='ltr'><strong>simplex</strong></span> <span class='ocrx_word' id='word_1_114' title='bbox 1175 1617 1264 1692; x_wconf 83' lang='lat' dir='ltr'><strong>typus</strong></span> 
     </span>
     <span class='ocr_line' id='line_1_15' title="bbox 125 1713 1264 1800; baseline -0.001 -25"><span class='ocrx_word' id='word_1_115' title='bbox 125 1721 156 1776; x_wconf 89' lang='lat' dir='ltr'><strong>ct</strong></span> <span class='ocrx_word' id='word_1_116' title='bbox 178 1713 285 1798; x_wconf 79' lang='lat' dir='ltr'><strong>ligura,</strong></span> <span class='ocrx_word' id='word_1_117' title='bbox 309 1715 364 1778; x_wconf 89' lang='lat' dir='ltr'><strong>sed</strong></span> <span class='ocrx_word' id='word_1_118' title='bbox 385 1715 567 1800; x_wconf 82' lang='lat' dir='ltr'><strong>significatio</strong></span> <span class='ocrx_word' id='word_1_119' title='bbox 590 1719 710 1780; x_wconf 90' lang='lat' dir='ltr'><strong>unionis</strong></span> <span class='ocrx_word' id='word_1_120' title='bbox 727 1715 834 1778; x_wconf 90' lang='lat' dir='ltr'><strong>Christi</strong></span> <span class='ocrx_word' id='word_1_121' title='bbox 858 1734 926 1778; x_wconf 92' lang='lat' dir='ltr'><strong>cum</strong></span> <span class='ocrx_word' id='word_1_122' title='bbox 947 1715 1084 1780; x_wconf 89' lang='lat' dir='ltr'><strong>Ecclesia</strong></span> <span class='ocrx_word' id='word_1_123' title='bbox 1103 1716 1166 1798; x_wconf 89' lang='lat' dir='ltr'><strong>jam</strong></span> <span class='ocrx_word' id='word_1_124' title='bbox 1190 1732 1264 1794; x_wconf 90' lang='lat' dir='ltr'><strong>pcr-</strong></span> 
     </span>
     <span class='ocr_line' id='line_1_16' title="bbox 125 1811 1264 1900; baseline 0 -20"><span class='ocrx_word' id='word_1_125' title='bbox 125 1819 223 1882; x_wconf 89' lang='lat' dir='ltr'><strong>leclae</strong></span> <span class='ocrx_word' id='word_1_126' title='bbox 247 1817 432 1883; x_wconf 86' lang='lat' dir='ltr'><strong>exhiheatur.</strong></span> <span class='ocrx_word' id='word_1_127' title='bbox 459 1854 496 1864; x_wconf 98' lang='lat'><strong>—</strong></span> <span class='ocrx_word' id='word_1_128' title='bbox 521 1817 660 1900; x_wconf 89' lang='lat' dir='ltr'><strong>Insuper,</strong></span> <span class='ocrx_word' id='word_1_129' title='bbox 692 1824 724 1882; x_wconf 93' lang='lat' dir='ltr'><strong>ut</strong></span> <span class='ocrx_word' id='word_1_130' title='bbox 752 1817 898 1898; x_wconf 84' lang='lat' dir='ltr'><strong>diximus,</strong></span> <span class='ocrx_word' id='word_1_131' title='bbox 933 1824 1055 1900; x_wconf 88' lang='lat' dir='ltr'><strong>nuptiae</strong></span> <span class='ocrx_word' id='word_1_132' title='bbox 1083 1811 1264 1882; x_wconf 86' lang='lat' dir='ltr'><strong>christianae</strong></span> 
     </span>
     <span class='ocr_line' id='line_1_17' title="bbox 126 1921 1264 2006; baseline -0.005 -19"><span class='ocrx_word' id='word_1_133' title='bbox 126 1925 195 1987; x_wconf 83' lang='lat' dir='ltr'><strong>sunt</strong></span> <span class='ocrx_word' id='word_1_134' title='bbox 217 1925 307 1984; x_wconf 91' lang='lat' dir='ltr'><strong>etiam</strong></span> <span class='ocrx_word' id='word_1_135' title='bbox 336 1927 522 1988; x_wconf 83' lang='lat' dir='ltr'><strong>sacramenta</strong></span> <span class='ocrx_word' id='word_1_136' title='bbox 549 1926 581 1988; x_wconf 92' lang='lat' dir='ltr'><strong>in</strong></span> <span class='ocrx_word' id='word_1_137' title='bbox 604 1939 695 1984; x_wconf 91' lang='lat' dir='ltr'><strong>sensu</strong></span> <span class='ocrx_word' id='word_1_138' title='bbox 720 1925 851 2006; x_wconf 83' lang='lat' dir='ltr'><strong>proprio</strong></span> <span class='ocrx_word' id='word_1_139' title='bbox 881 1926 1050 1996; x_wconf 87' lang='lat' dir='ltr'><strong>cistricto.</strong></span> <span class='ocrx_word' id='word_1_140' title='bbox 1096 1921 1133 1983; x_wconf 92' lang='lat' dir='ltr'><strong>Ui</strong></span> <span class='ocrx_word' id='word_1_141' title='bbox 1162 1927 1264 1984; x_wconf 86' lang='lat' dir='ltr'><strong>aulem</strong></span> 
     </span>
     <span class='ocr_line' id='line_1_18' title="bbox 126 2024 1264 2108; baseline 0.001 -22"><span class='ocrx_word' id='word_1_142' title='bbox 126 2027 348 2091; x_wconf 88' lang='lat' dir='ltr'><strong>matrimonium</strong></span> <span class='ocrx_word' id='word_1_143' title='bbox 369 2028 449 2092; x_wconf 88' lang='lat' dir='ltr'><strong>inter</strong></span> <span class='ocrx_word' id='word_1_144' title='bbox 464 2024 646 2092; x_wconf 85' lang='lat' dir='ltr'><strong>Christianos</strong></span> <span class='ocrx_word' id='word_1_145' title='bbox 669 2025 793 2108; x_wconf 82' lang='lat' dir='ltr'><strong>dignum</strong></span> <span class='ocrx_word' id='word_1_146' title='bbox 817 2028 890 2086; x_wconf 88' lang='lat' dir='ltr'><strong>tenti</strong></span> <span class='ocrx_word' id='word_1_147' title='bbox 913 2029 1046 2105; x_wconf 80' lang='lat' dir='ltr'><strong>mysterii</strong></span> <span class='ocrx_word' id='word_1_148' title='bbox 1059 2028 1179 2108; x_wconf 84' lang='lat' dir='ltr'><strong>signum</strong></span> <span class='ocrx_word' id='word_1_149' title='bbox 1195 2041 1264 2098; x_wconf 82' lang='lat' dir='ltr'><strong>csse</strong></span> 
     </span>
     <span class='ocr_line' id='line_1_19' title="bbox 126 2115 1351 2212; baseline 0 -24"><span class='ocrx_word' id='word_1_150' title='bbox 126 2126 250 2205; x_wconf 85' lang='lat' dir='ltr'><strong>valeret,</strong></span> <span class='ocrx_word' id='word_1_151' title='bbox 274 2143 389 2192; x_wconf 89' lang='lat' dir='ltr'><strong>summa</strong></span> <span class='ocrx_word' id='word_1_152' title='bbox 412 2128 491 2192; x_wconf 91' lang='lat' dir='ltr'><strong>illius</strong></span> <span class='ocrx_word' id='word_1_153' title='bbox 513 2128 653 2196; x_wconf 87' lang='lat' dir='ltr'><strong>honestas</strong></span> <span class='ocrx_word' id='word_1_154' title='bbox 676 2134 706 2190; x_wconf 91' lang='lat' dir='ltr'><strong>ct</strong></span> <span class='ocrx_word' id='word_1_155' title='bbox 729 2125 1052 2212; x_wconf 44' lang='lat' dir='ltr'><strong>puritas-&#39;assequenda</strong></span> <span class='ocrx_word' id='word_1_156' title='bbox 1075 2133 1149 2206; x_wconf 89' lang='lat' dir='ltr'><strong>erat,</strong></span> <span class='ocrx_word' id='word_1_157' title='bbox 1173 2145 1264 2190; x_wconf 88' lang='lat' dir='ltr'><strong>cum·-</strong></span> <span class='ocrx_word' id='word_1_158' title='bbox 1348 2115 1351 2120; x_wconf 65' lang='grc'><strong>’</strong></span> 
     </span>
     <span class='ocr_line' id='line_1_20' title="bbox 127 2229 1262 2316; baseline 0 -24"><span class='ocrx_word' id='word_1_159' title='bbox 127 2248 185 2312; x_wconf 87' lang='lat' dir='ltr'><strong>quc</strong></span> <span class='ocrx_word' id='word_1_160' title='bbox 213 2229 270 2292; x_wconf 91' lang='lat' dir='ltr'><strong>hoc</strong></span> <span class='ocrx_word' id='word_1_161' title='bbox 298 2233 364 2296; x_wconf 89' lang='lat' dir='ltr'><strong>sine</strong></span> <span class='ocrx_word' id='word_1_162' title='bbox 391 2233 561 2312; x_wconf 83' lang='lat' dir='ltr'><strong>particulari</strong></span> <span class='ocrx_word' id='word_1_163' title='bbox 588 2236 703 2316; x_wconf 79' lang='lat' dir='ltr'><strong>gratiae</strong></span> <span class='ocrx_word' id='word_1_164' title='bbox 730 2230 843 2294; x_wconf 82' lang='lat' dir='ltr'><strong>auxdio</strong></span> <span class='ocrx_word' id='word_1_165' title='bbox 867 2229 930 2295; x_wconf 90' lang='lat' dir='ltr'><strong>lieri</strong></span> <span class='ocrx_word' id='word_1_166' title='bbox 963 2249 1023 2298; x_wconf 92' lang='lat' dir='ltr'><strong>non</strong></span> <span class='ocrx_word' id='word_1_167' title='bbox 1045 2237 1163 2312; x_wconf 88' lang='lat' dir='ltr'><strong>posset;</strong></span> <span class='ocrx_word' id='word_1_168' title='bbox 1192 2229 1262 2292; x_wconf 89' lang='lat' dir='ltr'><strong>ideo</strong></span> 
     </span>
     <span class='ocr_line' id='line_1_21' title="bbox 129 2333 1264 2420; baseline -0.003 -22"><span class='ocrx_word' id='word_1_169' title='bbox 129 2337 371 2412; x_wconf 89' lang='lat' dir='ltr'><strong>matrimonium,</strong></span> <span class='ocrx_word' id='word_1_170' title='bbox 401 2340 434 2400; x_wconf 92' lang='grc' dir='ltr'><strong>ιιι</strong></span> <span class='ocrx_word' id='word_1_171' title='bbox 461 2333 552 2419; x_wconf 85' lang='lat' dir='ltr'><strong>digne</strong></span> <span class='ocrx_word' id='word_1_172' title='bbox 581 2336 765 2420; x_wconf 79' lang='lat' dir='ltr'><strong>significaret</strong></span> <span class='ocrx_word' id='word_1_173' title='bbox 788 2333 1013 2400; x_wconf 87' lang='lat' dir='ltr'><strong>Sacramentum</strong></span> <span class='ocrx_word' id='word_1_174' title='bbox 1043 2337 1162 2399; x_wconf 90' lang='lat' dir='ltr'><strong>unionis</strong></span> <span class='ocrx_word' id='word_1_175' title='bbox 1183 2337 1264 2396; x_wconf 90' lang='lat' dir='ltr'><strong>inter</strong></span> 
     </span>
     <span class='ocr_line' id='line_1_22' title="bbox 127 2435 1265 2518; baseline 0.003 -20"><span class='ocrx_word' id='word_1_176' title='bbox 127 2435 276 2503; x_wconf 83' lang='lat' dir='ltr'><strong>Christum</strong></span> <span class='ocrx_word' id='word_1_177' title='bbox 309 2443 339 2500; x_wconf 92' lang='lat' dir='ltr'><strong>et</strong></span> <span class='ocrx_word' id='word_1_178' title='bbox 364 2437 546 2518; x_wconf 87' lang='lat' dir='ltr'><strong>Ecclesiam,</strong></span> <span class='ocrx_word' id='word_1_179' title='bbox 577 2457 704 2502; x_wconf 91' lang='lat' dir='ltr'><strong>necesse</strong></span> <span class='ocrx_word' id='word_1_180' title='bbox 731 2445 812 2516; x_wconf 89' lang='lat' dir='ltr'><strong>erat,</strong></span> <span class='ocrx_word' id='word_1_181' title='bbox 844 2444 877 2502; x_wconf 90' lang='lat' dir='ltr'><strong>ut</strong></span> <span class='ocrx_word' id='word_1_182' title='bbox 907 2443 995 2505; x_wconf 90' lang='lat' dir='ltr'><strong>etiam</strong></span> <span class='ocrx_word' id='word_1_183' title='bbox 1027 2440 1197 2502; x_wconf 88' lang='lat' dir='ltr'><strong>elevaretur</strong></span> <span class='ocrx_word' id='word_1_184' title='bbox 1226 2438 1265 2502; x_wconf 91' lang='lat' dir='ltr'><strong>ad</strong></span> 
     </span>
     <span class='ocr_line' id='line_1_23' title="bbox 128 2539 1265 2623; baseline 0.003 -21"><span class='ocrx_word' id='word_1_185' title='bbox 128 2539 304 2623; x_wconf 85' lang='lat' dir='ltr'><strong>dignitatem</strong></span> <span class='ocrx_word' id='word_1_186' title='bbox 344 2540 528 2606; x_wconf 86' lang='lat' dir='ltr'><strong>Sacramcuti</strong></span> <span class='ocrx_word' id='word_1_187' title='bbox 566 2541 601 2606; x_wconf 91' lang='lat' dir='ltr'><strong>N.</strong></span> <span class='ocrx_word' id='word_1_188' title='bbox 635 2542 667 2604; x_wconf 87' lang='grc' dir='ltr'><strong>Τ.</strong></span> <span class='ocrx_word' id='word_1_189' title='bbox 706 2546 737 2606; x_wconf 88' lang='lat' dir='ltr'><strong>iu</strong></span> <span class='ocrx_word' id='word_1_190' title='bbox 774 2561 868 2606; x_wconf 80' lang='lat' dir='ltr'><strong>cccco</strong></span> <span class='ocrx_word' id='word_1_191' title='bbox 900 2545 1029 2622; x_wconf 83' lang='lat' dir='ltr'><strong>siricio,</strong></span> <span class='ocrx_word' id='word_1_192' title='bbox 1062 2541 1265 2608; x_wconf 83' lang='lat' dir='ltr'><strong>conterentis</strong></span> 
     </span>
     <span class='ocr_line' id='line_1_24' title="bbox 126 2643 1222 2729; baseline 0.005 -25"><span class='ocrx_word' id='word_1_193' title='bbox 126 2661 234 2724; x_wconf 92' lang='lat' dir='ltr'><strong>nempe</strong></span> <span class='ocrx_word' id='word_1_194' title='bbox 256 2647 288 2706; x_wconf 91' lang='lat' dir='ltr'><strong>in</strong></span> <span class='ocrx_word' id='word_1_195' title='bbox 309 2649 507 2728; x_wconf 90' lang='lat' dir='ltr'><strong>suscipientes</strong></span> <span class='ocrx_word' id='word_1_196' title='bbox 529 2645 585 2710; x_wconf 92' lang='lat' dir='ltr'><strong>suh</strong></span> <span class='ocrx_word' id='word_1_197' title='bbox 607 2649 694 2728; x_wconf 84' lang='lat' dir='ltr'><strong>signo</strong></span> <span class='ocrx_word' id='word_1_198' title='bbox 717 2651 842 2710; x_wconf 83' lang='lat' dir='ltr'><strong>externo</strong></span> <span class='ocrx_word' id='word_1_199' title='bbox 866 2649 991 2729; x_wconf 80' lang='lat' dir='ltr'><strong>gratiam</strong></span> <span class='ocrx_word' id='word_1_200' title='bbox 1015 2643 1222 2726; x_wconf 83' lang='lat' dir='ltr'><strong>specialem.²)</strong></span> 
     </span>
    </p>

    <p class='ocr_par' dir='ltr' id='par_1_4' title="bbox 193 2782 1265 3365">
     <span class='ocr_line' id='line_1_25' title="bbox 891 2782 933 2824; baseline 0 -14"><span class='ocrx_word' id='word_1_201' title='bbox 891 2813 897 2824; x_wconf 43' lang='grc'><em>1</em></span> <span class='ocrx_word' id='word_1_202' title='bbox 925 2782 933 2810; x_wconf 84' lang='lat' dir='ltr'><strong>r</strong></span> 
     </span>
     <span class='ocr_line' id='line_1_26' title="bbox 193 2863 1264 2947; baseline 0.001 -31"><span class='ocrx_word' id='word_1_203' title='bbox 193 2865 348 2935; x_wconf 77' lang='lat' dir='ltr'><strong>signiticaret</strong></span> <span class='ocrx_word' id='word_1_204' title='bbox 371 2871 429 2916; x_wconf 89' lang='lat' dir='ltr'><strong>ante</strong></span> <span class='ocrx_word' id='word_1_205' title='bbox 452 2872 583 2932; x_wconf 86' lang='lat' dir='ltr'><strong>peccatum</strong></span> <span class='ocrx_word' id='word_1_206' title='bbox 606 2863 810 2930; x_wconf 82' lang='lat' dir='ltr'><strong>conjunctionem</strong></span> <span class='ocrx_word' id='word_1_207' title='bbox 834 2864 881 2918; x_wconf 88' lang='lat' dir='ltr'><strong>Dei</strong></span> <span class='ocrx_word' id='word_1_208' title='bbox 906 2873 931 2918; x_wconf 88' lang='lat' dir='ltr'><strong>et</strong></span> <span class='ocrx_word' id='word_1_209' title='bbox 954 2867 1069 2930; x_wconf 83' lang='lat' dir='ltr'><strong>animae,</strong></span> <span class='ocrx_word' id='word_1_210' title='bbox 1096 2881 1141 2918; x_wconf 85' lang='lat' dir='ltr'><strong>seu</strong></span> <span class='ocrx_word' id='word_1_211' title='bbox 1167 2865 1213 2918; x_wconf 81' lang='lat' dir='ltr'><strong>lici</strong></span> <span class='ocrx_word' id='word_1_212' title='bbox 1239 2873 1264 2947; x_wconf 71' lang='lat' dir='ltr'><strong>et</strong></span> 
     </span>
     <span class='ocr_line' id='line_1_27' title="bbox 194 2949 1265 3020; baseline 0.002 -18"><span class='ocrx_word' id='word_1_213' title='bbox 194 2951 358 3004; x_wconf 84' lang='lat' dir='ltr'><strong>subcoelestis</strong></span> <span class='ocrx_word' id='word_1_214' title='bbox 382 2950 552 3014; x_wconf 88' lang='lat' dir='ltr'><strong>hierarchiae,</strong></span> <span class='ocrx_word' id='word_1_215' title='bbox 579 2959 635 3020; x_wconf 90' lang='lat' dir='ltr'><strong>posi</strong></span> <span class='ocrx_word' id='word_1_216' title='bbox 658 2959 789 3018; x_wconf 85' lang='lat' dir='ltr'><strong>peccatum</strong></span> <span class='ocrx_word' id='word_1_217' title='bbox 808 2968 871 3004; x_wconf 86' lang='lat' dir='ltr'><strong>vero</strong></span> <span class='ocrx_word' id='word_1_218' title='bbox 897 2952 1100 3020; x_wconf 88' lang='lat' dir='ltr'><strong>conjunctionem</strong></span> <span class='ocrx_word' id='word_1_219' title='bbox 1121 2949 1214 3006; x_wconf 79' lang='lat' dir='ltr'><strong>Christi</strong></span> <span class='ocrx_word' id='word_1_220' title='bbox 1239 2960 1265 3004; x_wconf 90' lang='lat' dir='ltr'><strong>el</strong></span> 
     </span>
     <span class='ocr_line' id='line_1_28' title="bbox 195 3035 1263 3108; baseline 0.002 -20"><span class='ocrx_word' id='word_1_221' title='bbox 195 3038 320 3090; x_wconf 88' lang='lat' dir='ltr'><strong>humanae</strong></span> <span class='ocrx_word' id='word_1_222' title='bbox 337 3045 453 3100; x_wconf 86' lang='lat' dir='ltr'><strong>naturae,</strong></span> <span class='ocrx_word' id='word_1_223' title='bbox 471 3053 516 3088; x_wconf 87' lang='lat' dir='ltr'><strong>scu</strong></span> <span class='ocrx_word' id='word_1_224' title='bbox 536 3035 626 3089; x_wconf 84' lang='lat' dir='ltr'><strong>Christi</strong></span> <span class='ocrx_word' id='word_1_225' title='bbox 645 3038 826 3102; x_wconf 87' lang='lat' dir='ltr'><strong>ctEcclesiaa;</strong></span> <span class='ocrx_word' id='word_1_226' title='bbox 845 3046 871 3088; x_wconf 87' lang='lat' dir='ltr'><strong>et</strong></span> <span class='ocrx_word' id='word_1_227' title='bbox 889 3038 947 3089; x_wconf 86' lang='lat' dir='ltr'><strong>idco</strong></span> <span class='ocrx_word' id='word_1_228' title='bbox 966 3038 1100 3108; x_wconf 78' lang='lat' dir='ltr'><strong>utrobique</strong></span> <span class='ocrx_word' id='word_1_229' title='bbox 1119 3046 1157 3089; x_wconf 89' lang='lat' dir='ltr'><strong>esi</strong></span> <span class='ocrx_word' id='word_1_230' title='bbox 1170 3037 1263 3092; x_wconf 87' lang='lat' dir='ltr'><strong>Sacra-</strong></span> 
     </span>
     <span class='ocr_line' id='line_1_29' title="bbox 194 3123 1263 3194; baseline -0.001 -18"><span class='ocrx_word' id='word_1_231' title='bbox 194 3131 315 3186; x_wconf 86' lang='lat' dir='ltr'><strong>mentum,</strong></span> <span class='ocrx_word' id='word_1_232' title='bbox 333 3123 427 3174; x_wconf 88' lang='lat' dir='ltr'><strong>scilicet</strong></span> <span class='ocrx_word' id='word_1_233' title='bbox 446 3133 504 3175; x_wconf 86' lang='lat' dir='ltr'><strong>ante</strong></span> <span class='ocrx_word' id='word_1_234' title='bbox 522 3131 624 3192; x_wconf 91' lang='lat' dir='ltr'><strong>etpost,</strong></span> <span class='ocrx_word' id='word_1_235' title='bbox 642 3125 700 3175; x_wconf 90' lang='lat' dir='ltr'><strong>licet</strong></span> <span class='ocrx_word' id='word_1_236' title='bbox 718 3124 767 3176; x_wconf 88' lang='lat' dir='ltr'><strong>alio</strong></span> <span class='ocrx_word' id='word_1_237' title='bbox 786 3124 874 3176; x_wconf 86' lang='lat' dir='ltr'><strong>etalio</strong></span> <span class='ocrx_word' id='word_1_238' title='bbox 893 3124 977 3188; x_wconf 91' lang='lat' dir='ltr'><strong>modo,</strong></span> <span class='ocrx_word' id='word_1_239' title='bbox 995 3133 1117 3194; x_wconf 90' lang='lat' dir='ltr'><strong>quantum</strong></span> <span class='ocrx_word' id='word_1_240' title='bbox 1137 3125 1168 3175; x_wconf 89' lang='lat' dir='ltr'><strong>ad</strong></span> <span class='ocrx_word' id='word_1_241' title='bbox 1180 3127 1263 3194; x_wconf 84' lang='lat' dir='ltr'><strong>signi-</strong></span> 
     </span>
     <span class='ocr_line' id='line_1_30' title="bbox 193 3209 1263 3278; baseline -0.002 -16"><span class='ocrx_word' id='word_1_242' title='bbox 193 3211 336 3262; x_wconf 80' lang='lat' dir='ltr'><strong>ficationem</strong></span> <span class='ocrx_word' id='word_1_243' title='bbox 359 3215 385 3260; x_wconf 86' lang='lat' dir='ltr'><strong>et</strong></span> <span class='ocrx_word' id='word_1_244' title='bbox 407 3213 511 3261; x_wconf 81' lang='lat' dir='ltr'><strong>usum.“</strong></span> <span class='ocrx_word' id='word_1_245' title='bbox 532 3209 614 3263; x_wconf 90' lang='lat' dir='ltr'><strong>brevi.</strong></span> <span class='ocrx_word' id='word_1_246' title='bbox 637 3229 662 3278; x_wconf 87' lang='lat' dir='ltr'><strong>p.</strong></span> <span class='ocrx_word' id='word_1_247' title='bbox 681 3211 722 3262; x_wconf 89' lang='lat' dir='ltr'><strong>vi.</strong></span> <span class='ocrx_word' id='word_1_248' title='bbox 747 3227 769 3262; x_wconf 92' lang='lat' dir='ltr'><strong>c.</strong></span> <span class='ocrx_word' id='word_1_249' title='bbox 790 3211 829 3262; x_wconf 89' lang='grc'><strong>13.</strong></span> <span class='ocrx_word' id='word_1_250' title='bbox 847 3239 882 3248; x_wconf 88' lang='grc'><strong>-</strong></span> <span class='ocrx_word' id='word_1_251' title='bbox 899 3209 1106 3271; x_wconf 87' lang='lat' dir='ltr'><strong>Sacramentum,</strong></span> <span class='ocrx_word' id='word_1_252' title='bbox 1133 3217 1159 3260; x_wconf 91' lang='grc' dir='ltr'><strong>ιιι</strong></span> <span class='ocrx_word' id='word_1_253' title='bbox 1183 3219 1263 3278; x_wconf 86' lang='lat' dir='ltr'><strong>patet,</strong></span> 
     </span>
     <span class='ocr_line' id='line_1_31' title="bbox 194 3296 1172 3365; baseline -0.001 -17"><span class='ocrx_word' id='word_1_254' title='bbox 194 3299 300 3349; x_wconf 78' lang='lat' dir='ltr'><strong>sumitur</strong></span> <span class='ocrx_word' id='word_1_255' title='bbox 318 3296 360 3348; x_wconf 89' lang='lat' dir='ltr'><strong>hic</strong></span> <span class='ocrx_word' id='word_1_256' title='bbox 377 3298 403 3348; x_wconf 86' lang='lat' dir='ltr'><strong>in</strong></span> <span class='ocrx_word' id='word_1_257' title='bbox 421 3313 499 3350; x_wconf 80' lang='lat' dir='ltr'><strong>sensu</strong></span> <span class='ocrx_word' id='word_1_258' title='bbox 516 3297 605 3351; x_wconf 88' lang='lat' dir='ltr'><strong>latiori.</strong></span> <span class='ocrx_word' id='word_1_259' title='bbox 622 3327 657 3338; x_wconf 80' lang='lat'><strong>·-</strong></span> <span class='ocrx_word' id='word_1_260' title='bbox 675 3297 706 3348; x_wconf 88' lang='lat' dir='ltr'><strong>cl.</strong></span> <span class='ocrx_word' id='word_1_261' title='bbox 726 3296 831 3349; x_wconf 85' lang='lat' dir='ltr'><strong>Catach.</strong></span> <span class='ocrx_word' id='word_1_262' title='bbox 847 3297 919 3348; x_wconf 83' lang='lat' dir='ltr'><strong>Rom.</strong></span> <span class='ocrx_word' id='word_1_263' title='bbox 938 3297 952 3348; x_wconf 91' lang='lat' dir='ltr'><strong>i.</strong></span> <span class='ocrx_word' id='word_1_264' title='bbox 974 3313 995 3348; x_wconf 89' lang='lat' dir='ltr'><strong>c.</strong></span> <span class='ocrx_word' id='word_1_265' title='bbox 1014 3305 1109 3365; x_wconf 79' lang='lat' dir='ltr'><strong>quaeat.</strong></span> <span class='ocrx_word' id='word_1_266' title='bbox 1133 3296 1172 3347; x_wconf 84' lang='lat' dir='ltr'><strong>lii.</strong></span> 
     </span>
    </p>
   </div>
   <div class='ocr_carea' id='block_1_3' title="bbox 153 3381 1262 3534">
    <p class='ocr_par' dir='ltr' id='par_1_5' title="bbox 153 3381 1262 3534">
     <span class='ocr_line' id='line_1_32' title="bbox 153 3381 1262 3451; baseline -0.001 -16"><span class='ocrx_word' id='word_1_267' title='bbox 153 3383 177 3451; x_wconf 86' lang='lat'><strong>¹)</strong></span> <span class='ocrx_word' id='word_1_268' title='bbox 194 3381 279 3435; x_wconf 80' lang='lat' dir='ltr'><strong>Marii.</strong></span> <span class='ocrx_word' id='word_1_269' title='bbox 299 3398 356 3450; x_wconf 89' lang='lat' dir='ltr'><strong>cap.</strong></span> <span class='ocrx_word' id='word_1_270' title='bbox 376 3383 415 3434; x_wconf 85' lang='lat' dir='ltr'><strong>io.</strong></span> <span class='ocrx_word' id='word_1_271' title='bbox 433 3400 457 3436; x_wconf 88' lang='lat' dir='ltr'><strong>v.</strong></span> <span class='ocrx_word' id='word_1_272' title='bbox 476 3387 500 3437; x_wconf 87' lang='grc'><strong>8.</strong></span> <span class='ocrx_word' id='word_1_273' title='bbox 531 3385 573 3436; x_wconf 83' lang='lat' dir='ltr'><strong>Ait</strong></span> <span class='ocrx_word' id='word_1_274' title='bbox 595 3381 656 3436; x_wconf 86' lang='lat' dir='ltr'><strong>illis:</strong></span> <span class='ocrx_word' id='word_1_275' title='bbox 687 3382 833 3448; x_wconf 85' lang='lat' dir='ltr'><strong>„Quoniam</strong></span> <span class='ocrx_word' id='word_1_276' title='bbox 857 3383 957 3450; x_wconf 76' lang='lat' dir='ltr'><strong>Moyses</strong></span> <span class='ocrx_word' id='word_1_277' title='bbox 981 3383 1012 3435; x_wconf 91' lang='lat' dir='ltr'><strong>ad</strong></span> <span class='ocrx_word' id='word_1_278' title='bbox 1035 3382 1153 3434; x_wconf 84' lang='lat' dir='ltr'><strong>duritiam</strong></span> <span class='ocrx_word' id='word_1_279' title='bbox 1179 3383 1262 3434; x_wconf 90' lang='lat' dir='ltr'><strong>cordis</strong></span> 
     </span>
     <span class='ocr_line' id='line_1_33' title="bbox 195 3469 1262 3534; baseline 0 -14"><span class='ocrx_word' id='word_1_280' title='bbox 195 3471 272 3520; x_wconf 88' lang='lat' dir='ltr'><strong>vestri</strong></span> <span class='ocrx_word' id='word_1_281' title='bbox 291 3470 403 3534; x_wconf 85' lang='lat' dir='ltr'><strong>permisit</strong></span> <span class='ocrx_word' id='word_1_282' title='bbox 421 3470 493 3522; x_wconf 86' lang='lat' dir='ltr'><strong>vohis</strong></span> <span class='ocrx_word' id='word_1_283' title='bbox 512 3470 636 3522; x_wconf 86' lang='lat' dir='ltr'><strong>dimittere</strong></span> <span class='ocrx_word' id='word_1_284' title='bbox 654 3486 744 3522; x_wconf 84' lang='lat' dir='ltr'><strong>uxores</strong></span> <span class='ocrx_word' id='word_1_285' title='bbox 762 3477 874 3534; x_wconf 85' lang='lat' dir='ltr'><strong>vestras;</strong></span> <span class='ocrx_word' id='word_1_286' title='bbox 898 3469 930 3522; x_wconf 86' lang='lat' dir='ltr'><strong>ab</strong></span> <span class='ocrx_word' id='word_1_287' title='bbox 948 3470 1017 3520; x_wconf 87' lang='lat' dir='ltr'><strong>initio</strong></span> <span class='ocrx_word' id='word_1_288' title='bbox 1036 3476 1119 3526; x_wconf 84' lang='lat' dir='ltr'><strong>autam</strong></span> <span class='ocrx_word' id='word_1_289' title='bbox 1144 3485 1197 3522; x_wconf 85' lang='lat' dir='ltr'><strong>non</strong></span> <span class='ocrx_word' id='word_1_290' title='bbox 1216 3469 1262 3520; x_wconf 89' lang='lat' dir='ltr'><strong>init</strong></span> 
     </span>
    </p>
   </div>
   <div class='ocr_carea' id='block_1_4' title="bbox 95 3535 1263 4060">
    <p class='ocr_par' dir='ltr' id='par_1_6' title="bbox 196 3535 772 3626">
     <span class='ocr_line' id='line_1_34' title="bbox 196 3535 772 3626; baseline -0.002 -17"><span class='ocrx_word' id='word_1_291' title='bbox 196 3556 260 3610; x_wconf 54' lang='grc' dir='ltr'>εἰει*</span> <span class='ocrx_word' id='word_1_292' title='bbox 280 3535 428 3608; x_wconf 72' lang='lat' dir='ltr'><strong>catechism.</strong></span> <span class='ocrx_word' id='word_1_293' title='bbox 447 3556 518 3608; x_wconf 86' lang='lat' dir='ltr'><strong>Rom.</strong></span> <span class='ocrx_word' id='word_1_294' title='bbox 537 3558 554 3608; x_wconf 91' lang='lat' dir='ltr'><strong>i.</strong></span> <span class='ocrx_word' id='word_1_295' title='bbox 572 3575 594 3610; x_wconf 94' lang='lat' dir='ltr'><strong>c.</strong></span> <span class='ocrx_word' id='word_1_296' title='bbox 614 3575 637 3626; x_wconf 86' lang='lat' dir='ltr'><strong>q.</strong></span> <span class='ocrx_word' id='word_1_297' title='bbox 658 3556 698 3609; x_wconf 87' lang='grc'><strong>19.</strong></span> <span class='ocrx_word' id='word_1_298' title='bbox 766 3613 772 3619; x_wconf 88' lang='lat'><em>.</em></span> 
     </span>
    </p>

    <p class='ocr_par' dir='ltr' id='par_1_7' title="bbox 95 3629 1263 3882">
     <span class='ocr_line' id='line_1_35' title="bbox 95 3629 1261 3710; baseline 0 -18"><span class='ocrx_word' id='word_1_299' title='bbox 95 3629 99 3634; x_wconf 49' lang='lat'>¹</span> <span class='ocrx_word' id='word_1_300' title='bbox 153 3643 175 3707; x_wconf 81' lang='lat'><strong>²)</strong></span> <span class='ocrx_word' id='word_1_301' title='bbox 193 3640 311 3700; x_wconf 81' lang='lat' dir='ltr'><strong>Percone,</strong></span> <span class='ocrx_word' id='word_1_302' title='bbox 330 3639 449 3694; x_wconf 84' lang='lat' dir='ltr'><strong>Praelect.</strong></span> <span class='ocrx_word' id='word_1_303' title='bbox 468 3641 552 3694; x_wconf 86' lang='lat' dir='ltr'><strong>Theoi.</strong></span> <span class='ocrx_word' id='word_1_304' title='bbox 571 3643 602 3694; x_wconf 86' lang='lat' dir='ltr'><strong>de</strong></span> <span class='ocrx_word' id='word_1_305' title='bbox 621 3649 692 3694; x_wconf 89' lang='lat' dir='ltr'><strong>matr.</strong></span> <span class='ocrx_word' id='word_1_306' title='bbox 712 3659 733 3694; x_wconf 93' lang='lat' dir='ltr'><strong>c.</strong></span> <span class='ocrx_word' id='word_1_307' title='bbox 755 3642 777 3693; x_wconf 91' lang='lat' dir='ltr'><strong>i.</strong></span> <span class='ocrx_word' id='word_1_308' title='bbox 796 3639 847 3706; x_wconf 85' lang='lat' dir='ltr'><strong>obj.</strong></span> <span class='ocrx_word' id='word_1_309' title='bbox 867 3640 1100 3696; x_wconf 74' lang='lat' dir='ltr'><strong>entechamiicn.</strong></span> <span class='ocrx_word' id='word_1_310' title='bbox 1119 3639 1136 3692; x_wconf 90' lang='lat' dir='ltr'><strong>i.</strong></span> <span class='ocrx_word' id='word_1_311' title='bbox 1149 3657 1170 3694; x_wconf 89' lang='lat' dir='ltr'><strong>c.</strong></span> <span class='ocrx_word' id='word_1_312' title='bbox 1182 3659 1207 3710; x_wconf 85' lang='lat' dir='ltr'><strong>q.</strong></span> <span class='ocrx_word' id='word_1_313' title='bbox 1223 3641 1261 3693; x_wconf 89' lang='lat'><strong>18.</strong></span> 
     </span>
     <span class='ocr_line' id='line_1_36' title="bbox 195 3726 1263 3798; baseline 0.001 -21"><span class='ocrx_word' id='word_1_314' title='bbox 195 3727 411 3790; x_wconf 65' lang='lat' dir='ltr'><strong>„Sacramentum</strong></span> <span class='ocrx_word' id='word_1_315' title='bbox 435 3737 488 3792; x_wconf 88' lang='lat' dir='ltr'><strong>est,</strong></span> <span class='ocrx_word' id='word_1_316' title='bbox 512 3727 579 3798; x_wconf 86' lang='lat' dir='ltr'><strong>quod</strong></span> <span class='ocrx_word' id='word_1_317' title='bbox 602 3745 636 3780; x_wconf 89' lang='lat' dir='ltr'><strong>sc.</strong></span> <span class='ocrx_word' id='word_1_318' title='bbox 657 3730 705 3780; x_wconf 90' lang='lat' dir='ltr'><strong>viri</strong></span> <span class='ocrx_word' id='word_1_319' title='bbox 729 3736 756 3792; x_wconf 83' lang='lat' dir='ltr'><strong>et</strong></span> <span class='ocrx_word' id='word_1_320' title='bbox 780 3727 891 3780; x_wconf 87' lang='lat' dir='ltr'><strong>mulieris</strong></span> <span class='ocrx_word' id='word_1_321' title='bbox 915 3726 1060 3794; x_wconf 78' lang='lat' dir='ltr'><strong>conjunctio</strong></span> <span class='ocrx_word' id='word_1_322' title='bbox 1079 3763 1085 3777; x_wconf 92' lang='lat'><strong>.</strong></span> <span class='ocrx_word' id='word_1_323' title='bbox 1103 3763 1110 3778; x_wconf 87' lang='lat'><strong>.</strong></span> <span class='ocrx_word' id='word_1_324' title='bbox 1129 3764 1136 3776; x_wconf 92' lang='lat'><em>.</em></span> <span class='ocrx_word' id='word_1_325' title='bbox 1154 3729 1263 3778; x_wconf 83' lang='lat' dir='ltr'><strong>sanclis·</strong></span> 
     </span>
     <span class='ocr_line' id='line_1_37' title="bbox 195 3811 1261 3882; baseline 0.002 -20"><span class='ocrx_word' id='word_1_326' title='bbox 195 3814 250 3863; x_wconf 89' lang='lat' dir='ltr'><strong>simi</strong></span> <span class='ocrx_word' id='word_1_327' title='bbox 262 3811 327 3863; x_wconf 86' lang='lat' dir='ltr'><strong>illics</strong></span> <span class='ocrx_word' id='word_1_328' title='bbox 339 3813 443 3874; x_wconf 90' lang='lat' dir='ltr'><strong>vinculi,</strong></span> <span class='ocrx_word' id='word_1_329' title='bbox 462 3830 512 3882; x_wconf 87' lang='lat' dir='ltr'><strong>quo</strong></span> <span class='ocrx_word' id='word_1_330' title='bbox 525 3812 637 3866; x_wconf 88' lang='lat' dir='ltr'><strong>Christus</strong></span> <span class='ocrx_word' id='word_1_331' title='bbox 649 3813 770 3864; x_wconf 90' lang='lat' dir='ltr'><strong>Dominus</strong></span> <span class='ocrx_word' id='word_1_332' title='bbox 784 3829 841 3866; x_wconf 86' lang='lat' dir='ltr'><strong>cmo</strong></span> <span class='ocrx_word' id='word_1_333' title='bbox 853 3813 968 3872; x_wconf 84' lang='lat' dir='ltr'><strong>Ecclesia</strong></span> <span class='ocrx_word' id='word_1_334' title='bbox 980 3811 1150 3880; x_wconf 70' lang='lat' dir='ltr'><strong>conjungitur,</strong></span> <span class='ocrx_word' id='word_1_335' title='bbox 1168 3811 1261 3868; x_wconf 83' lang='lat' dir='ltr'><strong>Sacra-</strong></span> 
     </span>
    </p>

    <p class='ocr_par' dir='ltr' id='par_1_8' title="bbox 158 3897 1262 4060">
     <span class='ocr_line' id='line_1_38' title="bbox 158 3897 1262 3967; baseline 0 -17"><span class='ocrx_word' id='word_1_336' title='bbox 158 3959 161 3966; x_wconf 41' lang='lat'><strong>,</strong></span> <span class='ocrx_word' id='word_1_337' title='bbox 194 3907 316 3962; x_wconf 88' lang='lat' dir='ltr'><strong>menium,</strong></span> <span class='ocrx_word' id='word_1_338' title='bbox 338 3899 354 3952; x_wconf 87' lang='lat' dir='ltr'><strong>i.</strong></span> <span class='ocrx_word' id='word_1_339' title='bbox 364 3915 386 3948; x_wconf 89' lang='lat' dir='ltr'><strong>c.</strong></span> <span class='ocrx_word' id='word_1_340' title='bbox 398 3917 503 3954; x_wconf 77' lang='lat' dir='ltr'><strong>accrum</strong></span> <span class='ocrx_word' id='word_1_341' title='bbox 515 3904 617 3966; x_wconf 75' lang='lat' dir='ltr'><strong>sipnpm</strong></span> <span class='ocrx_word' id='word_1_342' title='bbox 628 3901 675 3964; x_wconf 73' lang='lat' dir='ltr'><strong>sit,</strong></span> <span class='ocrx_word' id='word_1_343' title='bbox 687 3938 710 3952; x_wconf 90' lang='lat'><strong>..</strong></span> <span class='ocrx_word' id='word_1_344' title='bbox 728 3900 777 3952; x_wconf 88' lang='lat' dir='ltr'><strong>Sed</strong></span> <span class='ocrx_word' id='word_1_345' title='bbox 787 3903 905 3966; x_wconf 74' lang='lat' dir='ltr'><strong>qratiam</strong></span> <span class='ocrx_word' id='word_1_346' title='bbox 917 3914 1024 3967; x_wconf 73' lang='lat' dir='ltr'><strong>quoqne</strong></span> <span class='ocrx_word' id='word_1_347' title='bbox 1039 3897 1087 3950; x_wconf 89' lang='lat' dir='ltr'><strong>hoc</strong></span> <span class='ocrx_word' id='word_1_348' title='bbox 1099 3897 1262 3964; x_wconf 80' lang='lat' dir='ltr'><strong>Sacramenta</strong></span> 
     </span>
     <span class='ocr_line' id='line_1_39' title="bbox 193 3983 1262 4060; baseline 0.006 -26"><span class='ocrx_word' id='word_1_349' title='bbox 193 3985 342 4059; x_wconf 71' lang='lat' dir='ltr'><strong>pipnificarr&#39;</strong></span> <span class='ocrx_word' id='word_1_350' title='bbox 352 3993 376 4036; x_wconf 86' lang='lat' dir='ltr'><strong>ct</strong></span> <span class='ocrx_word' id='word_1_351' title='bbox 388 3985 479 4053; x_wconf 81' lang='lat' dir='ltr'><strong>tridui,</strong></span> <span class='ocrx_word' id='word_1_352' title='bbox 496 3984 589 4060; x_wconf 58' lang='lat' dir='ltr'><strong>inthpo</strong></span> <span class='ocrx_word' id='word_1_353' title='bbox 601 3987 709 4046; x_wconf 81' lang='lat' dir='ltr'><strong>maxime</strong></span> <span class='ocrx_word' id='word_1_354' title='bbox 721 3988 785 4048; x_wconf 80' lang='lat' dir='ltr'><strong>ratio</strong></span> <span class='ocrx_word' id='word_1_355' title='bbox 797 3984 954 4050; x_wconf 76' lang='lat' dir='ltr'><strong>sacramenti</strong></span> <span class='ocrx_word' id='word_1_356' title='bbox 966 3987 1050 4050; x_wconf 77' lang='lat' dir='ltr'><strong>inepr‘</strong></span> <span class='ocrx_word' id='word_1_357' title='bbox 1061 4021 1095 4048; x_wconf 74' lang='lat'><strong>‚,.</strong></span> <span class='ocrx_word' id='word_1_358' title='bbox 1115 3983 1262 4050; x_wconf 77' lang='lat' dir='ltr'><strong>l,c.16,17.</strong></span> 
     </span>
    </p>
   </div>
   <div class='ocr_carea' id='block_1_5' title="bbox 0 0 1389 4660">
    <p class='ocr_par' dir='ltr' id='par_1_9' title="bbox 0 0 1389 4660">
     <span class='ocr_line' id='line_1_40' title="bbox 0 0 1389 4660; baseline 0 0"><span class='ocrx_word' id='word_1_359' title='bbox 0 0 1389 4660; x_wconf 95' lang='lat' dir='ltr'><strong> </strong></span> 
     </span>
    </p>
   </div>
  </div>
 </body>
</html>
