2746 4646
327 134 363 187 lle
381 137 565 206 impedimentis
584 141 770 192 matrimonium
789 140 970 196 dirimentibus.
1175 129 1233 194 103

89 287 173 368 quod
196 295 354 372 postquam
377 300 551 359 contractus
574 297 742 360 celebratus
771 304 833 374 est,
868 304 1021 378 possessio
1052 318 1106 362 seu
1136 305 1235 382 potius

89 399 294 474 praesumptio
317 401 375 458 stet
399 417 451 478 pro
474 400 539 480 ejus
563 401 674 476 valore,
699 405 754 462 nisi
779 406 958 462 contrarium
983 403 1197 480 ostendatur..¹)

591 609 595 618 =
619 585 645 652 s.
663 575 714 641 30.

377 696 380 702 ’
402 700 444 768 11.
466 703 504 767 lle
526 703 709 789 impedimento
737 704 916 788 inpotentiae.

179 833 201 894 l.
225 834 366 908 Quamvis
389 843 472 902 aetus
496 841 622 902 carnalis
644 839 769 918 copulae
800 857 858 902 non
893 843 932 900 sit
953 839 991 900 de
1014 847 1143 902 essentia
1168 861 1235 904 ma-

91 940 233 1015 trimonii,
259 944 356 1001 tamen
379 947 510 1020 potentia
544 943 579 1004 nd
610 947 708 1004 actum
742 947 788 1003 est
820 941 857 1002 de
887 944 952 1022 ejus
983 949 1124 1022 essentia,
1160 951 1230 1025 quia

93 1055 147 1117 per
156 1044 377 1104 matrimonium
388 1044 600 1126 daturutrique
610 1045 772 1127 conjugum
794 1043 925 1126 potestas
941 1050 971 1106 in
986 1065 1094 1126 corpus
1112 1048 1234 1110 alterius

92 1150 233 1222 respectu
255 1145 382 1207 earnalis
405 1148 541 1227 copulae,
565 1167 600 1210 ec
622 1147 746 1229 proinde
765 1151 940 1226 impotentia
963 1149 1000 1210 ad
1024 1149 1232 1212 1111111111-

93 1249 190 1308 stituit
213 1251 392 1312 matrimonii
415 1252 678 1332 impedimentum,
712 1255 885 1329 inquantum
915 1257 961 1312 est
994 1255 1169 1331 impotentia
1193 1253 1231 1314 ad

93 1349 240 1429 copulam,
265 1369 324 1413 non
356 1371 428 1415 vero
458 1354 495 1416 ad
528 1359 769 1438 generationem3
799 1358 869 1433 quia
898 1358 979 1432 prior
1006 1360 1135 1430 tantum,
1171 1373 1231 1417 non

95 1457 246 1530 posterior
267 1453 409 1534 impedit,
439 1460 598 1536 quominus
627 1463 674 1518 vir
704 1462 734 1516 et
765 1457 872 1518 mulier
902 1456 1081 1518 liantinter
1109 1473 1143 1517 se
1175 1477 1233 1520 una

96 1553 207 1630 caro.²)
250 1557 288 1618 Ut
310 1556 397 1618 dubia
420 1565 450 1618 ct
472 1557 661 1622 dlllicultates
683 1563 762 1621 circa
785 1559 841 1621 hoo
863 1559 1109 1638 impedimentum
1123 1577 1234 1622 occur-

93 1663 193 1720 rentia
216 1657 333 1722 facilius
355 1661 551 1738 explicentur,
576 1680 702 1726 necesse
725 1667 770 1724 est
793 1669 826 1722 ut
849 1662 1060 1745 distinguatur.

135 1763 165 1834 1)
196 1761 370 1841 lmpotentia
399 1766 599 1842 antecedens,
639 1783 740 1844 quae,
763 1765 832 1826 licet
866 1769 1014 1846 ignorata,
1050 1771 1234 1828 contractum

182 1870 354 1944 praecessit,
378 1873 410 1927 et
431 1885 631 1948 consequens,
664 1886 741 1948 quae
764 1872 955 1930 matrimonio
977 1873 1143 1943 contracto,
1166 1873 1232 1932 sive

189 1972 264 2045 rato,
288 1973 352 2030 sive
375 1977 591 2045 consummato,
614 1974 790 2050 supervenit
797 1990 806 2044 ;
1213 1977 1216 1986 ’

131 2068 168 2145 2)
191 2073 357 2146 naturalis,
380 2089 457 2154 quae
479 2091 519 2134 err
541 2072 662 2134 delectu
686 2079 809 2134 naturae
832 2078 937 2152 oritur,
967 2079 998 2133 et
1021 2073 1233 2147 accidentalis,

182 2191 259 2253 quae
288 2193 328 2235 cx
356 2183 425 2238 actu
448 2177 590 2254 violento,
615 2175 757 2240 diuturno
790 2175 893 2238 morbo
920 2176 1048 2257 aliisque
1076 2194 1115 2237 ex
1138 2178 1236 2238 causis

185 2281 352 2357 praevenit.

132 2377 169 2454 3)
193 2381 322 2460 Utraque
344 2387 392 2442 est
413 2387 463 2443 aut
473 2388 638 2462 perperna,
660 2400 737 2462 quae
761 2381 842 2443 nullo
865 2379 1000 2443 remedio
1014 2379 1142 2442 naturali
1165 2379 1238 2442 abs-

187 2499 246 2562 que
269 2487 373 2546 mortis
397 2485 529 2563 periculo
561 2484 610 2546 vel
639 2483 753 2565 absque
784 2490 906 2564 peceato
940 2483 1001 2546 tolli
1036 2488 1154 2564 potest,
1185 2489 1238 2544 eut

186 2587 375 2666 temporalis,
406 2603 483 2667 quae
506 2605 561 2667 per
589 2591 660 2650 artis
690 2585 822 2648 remedia
851 2586 964 2668 absque
995 2585 1129 2666 periculo
1158 2589 1237 2646 111111

187 2688 236 2750 vel
259 2692 377 2768 peccati
400 2695 498 2768 potest
519 2694 627 2752 sanari.

128 2789 166 2864 4)
190 2792 327 2872 Denique
349 2795 523 2871 impotentia
547 2798 689 2873 perpetua
712 2798 762 2853 aut
785 2792 873 2854 simul
896 2798 942 2852 est
969 2791 1132 2866 obsoleta,
1161 2809 1237 2871 quae

186 2894 323 2973 copulam
346 2899 486 2974 respectu
509 2899 642 2956 omniurn
665 2893 878 2974 impossibilem
902 2893 1010 2973 reddit,
1033 2899 1238 2974 1111111111-

189 3000 263 3075 tiva,
287 3015 364 3076 quae
386 3004 528 3078 respectu
551 3004 651 3060 certae
681 3015 838 3077 personae,
874 3015 934 3060 non
966 3003 1065 3060 autern
1099 3003 1239 3106 respectu

190 3101 316 3163 aliarum
340 3102 464 3182 copulae
488 3100 677 3164 exercendae
699 3100 805 3165 obstat.

189 3201 224 3263 ll.
246 3201 291 3262 Ex
314 3202 362 3265 his
383 3205 446 3266 sola
470 3207 644 3283 impotentia
666 3204 849 3266 antecedens
872 3209 903 3264 et
922 3211 1087 3285 perpetuo,
1109 3205 1177 3265 sive
1201 3205 1239 3262 sit

103 3305 250 3382 absoluta,
275 3309 340 3366 sive
361 3311 551 3386 respective,
572 3310 793 3371 matrimonium
821 3307 891 3388 jure
921 3312 1043 3368 naturae
1075 3312 1106 3367 et
1135 3304 1239 3366 eccle-

132 3479 163 3544 ¹)
172 3477 324 3546 Schmelzgr.
344 3475 401 3528 lib
398 3478 439 3528 111.
462 3475 648 3528 t.tea-l³s.
1290 3543 1294 3550 Ι

87 3581 90 3586 ·
131 3567 154 3630 ²)
173 3564 197 3616 S.
209 3563 295 3614 Thom.
319 3563 401 3630 suppl.
417 3558 515 3631 quaest.
534 3562 575 3614 58.
602 3579 624 3612 n.
646 3560 668 3612 1.
695 3577 732 3611 ac.
758 3559 781 3610 1.
806 3558 945 3628 Schmaleg.
971 3563 1007 3610 tit.
1033 3558 1073 3610 l5
1097 3574 1121 3608 1.
1147 3558 1188 3610 31.
1205 3588 1240 3596 -

172 3648 380 3716 llndeconjugin
399 3649 564 3707 1111111111,
584 3647 681 3698 steriles
704 3655 730 3698 et
747 3645 858 3696 infirmos
882 3645 966 3697 valida
991 3653 1025 3696 et
1037 3644 1106 3695 licita
1130 3657 1239 3696 censen-

172 3744 222 3796 tur,
236 3737 284 3785 1111
302 3749 376 3785 senes
395 3736 446 3785 sint
464 3735 494 3786 nd
512 3735 628 3803 copulam
647 3736 750 3785 omnino
769 3729 1239 3800 11111111111111111111111,11111111-
1314 3717 1318 3728 ¹

174 3825 221 3874 mis
241 3819 342 3872 morbus
361 3821 511 3872 intrinsecus
528 3825 665 3889 potentiam
685 3818 818 3872 exercendi
836 3818 952 3886 copulam
972 3816 1099 3868 ademerit.
1123 3816 1239 3869 lnstruot.

175 3905 244 3976 pass(
259 3905 330 3974 Epst.
348 3925 374 3976 p.
394 3907 539 3960 asi-283.
