2746 4646
176 193 219 262 82
422 209 460 264 lle
477 211 661 294 impedimentis
679 215 863 267 matrimonium
881 213 1065 270 dirimentibus

176 369 289 431 directe
319 373 350 431 et
376 369 523 432 indirecte
552 371 754 434 subtrahendo
781 361 965 434 habilitatem
995 376 1217 437 matrimonium
1246 372 1323 435 eill-

176 470 273 534 ciendi
285 490 294 545 ;
317 469 351 546 3)
369 471 452 555 leges
466 477 620 539 irritantes
643 493 698 538 seu
719 474 932 554 impedimenta
954 474 1093 538 ellectum
1117 477 1227 540 habere
1250 483 1321 540 sine

175 567 324 638 sententia
343 575 464 656 judicis,
487 581 553 658 ipso
571 579 642 659 jure
656 584 687 640 ct
702 577 792 655 lacto,
816 582 884 656 qula
900 579 1127 642 matrimonialis
1143 587 1320 642 contractus

174 686 221 742 est
243 679 342 742 divina
366 681 451 766 lege,
475 685 500 744 si
523 681 617 743 semel
639 685 678 743 sit
699 681 797 742 valide
819 685 929 760 initus,
953 682 1211 756 cresconiadem
1233 683 1317 744 unde

172 791 328 864 praeterea
346 790 491 866 sequitur,
511 788 544 846 ut
558 799 630 846 usus
644 787 824 846 matrimonii
840 783 901 864 Jam
919 783 1010 846 validi
1029 803 1083 864 per
1096 789 1316 866 superveniens

173 887 419 970 impedimentum
447 888 636 968 aliquatenus
666 889 759 966 possit
786 886 954 966 praepediri
978 885 1099 968 quidem
1127 888 1181 950 sed
1205 893 1315 950 matri-

177 999 309 1057 monium
322 999 430 1074 ipsum,
443 989 536 1052 semel
546 987 688 1067 validum,
706 1005 825 1069 semper
835 988 964 1052 validum
977 996 1160 1069 permaneat.
1179 989 1215 1066 4)
1231 989 1316 1052 Haec

173 1096 396 1177 impedimenta,
420 1099 551 1174 spectata
574 1097 722 1172 potestate
744 1091 926 1174 legislatoris
949 1096 1130 1174 inutraque
1154 1093 1230 1171 loro,
1254 1111 1317 1154 ex-

174 1205 259 1261 terno
282 1205 312 1258 et
330 1202 449 1259 interno
468 1199 686 1257 matrimonium
705 1211 801 1275 aeque
817 1194 992 1257 invalidarc.
1017 1195 1052 1274 5)
1073 1196 1125 1258 llla
1142 1201 1202 1258 vim
1225 1215 1313 1258 suam

171 1307 319 1379 retinere,
344 1303 400 1362 etsi
422 1297 636 1360 invincibiliter
657 1301 836 1380 ignorentur
858 1302 909 1359 aut
930 1302 1122 1379 superveniat
1145 1303 1315 1361 necessitas

170 1403 290 1467 ineundi
314 1407 534 1466 matrimonium
556 1401 615 1463 illis
638 1399 815 1481 subjectum,
839 1403 897 1463 nisi
919 1405 950 1462 tn
967 1401 1037 1482 jure
1052 1402 1150 1482 aliqua
1168 1406 1314 1481 exceptio

166 1495 298 1590 'quodam
322 1505 411 1569 modo
434 1523 577 1587 expressa
599 1507 646 1566 sit.

688 1679 716 1746 i.
739 1671 790 1738 26.

531 1799 554 1867 i.
569 1801 607 1866 lte
628 1799 814 1885 inpedimenta
837 1799 944 1863 emens.

217 1947 218 1952 ’
255 1937 277 2004 l.
303 1937 417 2018 „Error
439 1941 522 2018 ponit
545 1937 692 2020 judicium
716 1939 840 1997 rationis
869 1952 1045 2016 perversum
1068 1935 1105 1996 de
1128 1936 1270 2018 aliquo,“
1286 1942 1310 2014 ¹)

169 2043 336 2124 procedens
362 2059 402 2101 ex
430 2044 597 2126 ignorantia
621 2044 699 2116 veri,
733 2045 763 2100 et
789 2043 820 2100 in
848 2037 904 2100 hoc
933 2035 1032 2100 diliert
1059 2037 1096 2100 ab
1124 2043 1310 2123 ignorantia,

169 2144 249 2228 quod
272 2144 346 2206 haec
367 2143 404 2205 de
422 2148 467 2206 sui
490 2148 606 2206 ratione
621 2160 681 2204 non
697 2145 835 2222 importat
851 2141 980 2220 aliquem
999 2145 1182 2224 cognitionis
1196 2148 1308 2208 actum.

169 2248 319 2310 Dividitur
341 2245 500 2326 dupliciter
524 2247 557 2333 l)
576 2249 608 2306 ln
630 2231 857 2306 antecedentem
875 2249 906 2304 et
925 2249 1193 2320 conscendentem
1214 2255 1312 2309 ante-

169 2353 279 2413 cedens
303 2356 372 2411 tunc
395 2349 516 2428 dicitur,
540 2347 659 2429 quando
682 2346 732 2410 dat
753 2363 874 2408 causam
896 2352 992 2426 actui,
1020 2367 1047 2411 v.
1072 2367 1102 2430 g.
1127 2353 1308 2428 contractui,

169 2459 220 2530 ita,
243 2461 285 2534 ut,
308 2471 345 2515 eo
364 2469 424 2514 non
441 2456 601 2527 existente,
625 2455 709 2513 actus
728 2453 899 2528 neutiquam
917 2449 1014 2526 lieret,
1037 2455 1127 2529 atque
1142 2455 1181 2512 ita
1201 2451 1308 2532 efficit,

169 2563 201 2640 ut
215 2563 298 2620 actus
311 2561 350 2618 sit
361 2555 579 2618 involuntarius
593 2557 711 2628 (contra
723 2551 922 2628 voluntatem)
927 2571 936 2626 ;
949 2555 1168 2628 concomitans,
1185 2556 1310 2636 quando

90 2667 92 2672 '
169 2678 228 2722 non
255 2660 370 2722 inducit
392 2656 426 2718 ad
450 2655 616 2740 agendum,
647 2652 764 2716 sedita
793 2657 952 2716 comitatur
978 2661 1076 2717 actum
1099 2663 1147 2731 ut,
1179 2673 1216 2718 eo
1245 2675 1309 2720 non

168 2767 333 2836 existente,
355 2757 452 2821 adhuc
474 2757 559 2821 lieret
582 2749 680 2832 actus;
707 2755 832 2838 proinde
855 2773 915 2818 non
938 2756 1030 2819 efficit
1052 2759 1308 2837 involuntariam,

166 2864 220 2930 scd
243 2863 335 2925 elficit
358 2867 456 2923 nmen
478 2881 540 2923 reon
560 2861 770 2922 voluntariam
796 2863 896 2935 (extra
918 2860 1117 2936 voluntatem)
1129 2881 1138 2937 ;
1151 2899 1195 2910 -
1217 2863 1252 2938 2)
1276 2869 1307 2926 in

168 2965 411 3040 substantialem,
433 2963 483 3026 vel
498 2963 727 3040 accadentalem,
751 2969 838 3044 prout
856 2961 1002 3042 judicium
1017 2979 1193 3044 perversum
1210 2972 1308 3029 attin·

168 3073 213 3152 git
234 3069 427 3132 substantiam
451 3067 531 3147 ejus,
555 3065 673 3149 dequo
696 3071 811 3150 agitur,
842 3065 892 3127 vel
914 3083 990 3142 non;
1021 3069 1103 3146 prior
1125 3075 1228 3130 causat
1254 3069 1309 3132 ln-

164 3172 370 3256 ¹voluntarium
394 3171 585 3250 simpliciter,
609 3173 757 3250 posterior
780 3169 922 3232 duntaxat
945 3169 1114 3230 secandam
1136 3171 1218 3250 qnid.

253 3271 288 3335 ll.
307 3271 477 3354 „Quidquid
490 3272 614 3354 impedit
634 3289 765 3350 causam,
794 3271 832 3334 de
851 3276 896 3334 sui
917 3280 1022 3335 natura
1039 3271 1163 3352 impedit
1185 3274 1308 3336 etene-

167 3382 248 3440 ctum
263 3375 409 3438 similiter.
425 3374 596 3438 consensus
608 3380 707 3436 autem
721 3378 767 3438 est
782 3392 871 3436 causa
887 3377 1083 3449 matrimonii3
1099 3381 1130 3436 et
1144 3374 1212 3437 ideo
1227 3378 1308 3458 quod

167 3473 494 3554 evacuat'consensum
510 3482 634 3540 evacuat
646 3481 876 3540 matrimonium.
897 3475 1180 3539 Consensusautem
1194 3479 1309 3542 volun-

167 3589 236 3646 tatis
249 3586 295 3644 est
308 3587 403 3659 actus,
422 3585 472 3661 qui
488 3583 700 3662 praesupponit
713 3585 811 3642 actum
826 3563 1005 3642 intellectus.
1024 3577 1190 3642 Deficiente
1205 3587 1307 3643 autern

166 3691 273 3767 primo,
289 3701 413 3747 necesse
428 3689 474 3744 est
487 3681 636 3745 desectum
650 3686 826 3765 contingere
840 3685 870 3742 in
887 3680 1036 3757 secundo;
1057 3687 1087 3742 et
1101 3682 1171 3745 ldeo
1187 3685 1309 3765 quando

166 3807 252 3851 error
274 3789 479 3871 cognitionem
502 3785 636 3866 impedit,
660 3789 797 3868 sequitur
818 3788 908 3846 etiam
931 3789 961 3847 in
984 3788 1051 3864 ipso
1074 3802 1227 3850 consensu
1250 3787 1310 3850 de-

171 3968 175 3974 ’
194 3962 218 4059 q
236 3991 261 4044 S.
278 3989 366 4040 Thom.
385 4003 458 4056 supp.
477 4003 519 4056 qu.
537 3985 579 4040 51.
598 3995 645 4040 art.
665 3989 677 4040 1
697 3987 730 4039 ad
749 3989 772 4040 l.
