2758 4664
475 184 512 236 Ile
531 185 620 238 Gauiis
639 181 872 238 matrimonialibus.
1170 165 1243 234 203·

593 421 595 425 ,
613 374 640 442 9.
657 365 710 430 52.

129 489 164 561 2)
183 492 235 550 De
254 491 369 550 causis
386 491 656 566 dispensationis
675 487 992 550 matrimonialibus
1009 489 1048 548 ln
1066 487 1190 564 specle.

179 633 200 696 1.
225 633 298 694 Cura
321 632 414 712 Papa,
447 638 488 694 uti
512 640 558 696 sat
579 631 783 710 ostendimus,
820 634 860 692 sit
889 647 1046 710 supremus
1077 629 1234 714 legislator

93 733 193 816 quoad
218 735 429 814 impedimenta
452 735 632 814 dirimentis,
655 740 738 797 reete
768 731 956 794 conciuditur
978 750 1020 794 ex
1042 733 1130 796 dictis
1151 737 1183 795 in
1203 740 1231 808 ς.

92 839 308 917 praecedente,
332 858 383 902 eas
406 858 473 902 esse
492 839 589 922 justas
612 853 718 900 causas
740 835 777 900 ad
801 833 1001 916 dispensanda
1017 835 1079 916 illu,
1103 839 1229 916 exqui-

89 942 147 1003 bus
170 939 263 1003 Sedes
287 941 458 1022 Apostoltca
482 943 655 1023 dispensare
678 940 763 1002 solet.
809 937 886 1000 Hinc
914 937 1077 1000 inferiores
1108 937 1232 1002 Summo

90 1043 250 1120 Poutitiee,
287 1049 336 1126 qui
368 1048 398 1105 iu
427 1044 648 1124 impedimentis
678 1041 885 1104 dirimentibus
915 1059 954 1102 err
984 1041 1107 1122 speciali
1131 1041 1230 1105 iacul-

92 1152 153 1209 tato
175 1164 230 1208 seu
254 1151 338 1228 quasi
361 1147 519 1228 privilegio
542 1153 666 1229 possunt
688 1145 872 1227 dispensare,
896 1149 929 1206 ut
943 1143 1231 1226 vultuositdispeu-
1300 1209 1306 1222 ,

91 1254 178 1324 satio,
193 1248 221 1327 ¹)
245 1250 282 1312 ob
305 1251 409 1311 oeulos
431 1249 542 1312 habere
564 1247 674 1310 debent
696 1266 747 1310 eas
770 1266 894 1326 causas,
918 1265 996 1328 quae
1019 1265 1035 1307 a
1059 1240 1145 1309 curia
1168 1245 1232 1310 iio·

92 1373 179 1416 mana
203 1359 233 1414 iu
256 1353 384 1436 siugulis
407 1351 645 1436 impedimentis,
678 1357 793 1414 ratione
815 1351 913 1414 habita
937 1350 974 1411 de
998 1366 1103 1411 eorum
1125 1354 1233 1434 gravt-

92 1461 153 1518 tate
183 1453 316 1534 diversa,
345 1457 445 1537 justae
475 1461 505 1516 et
531 1455 716 1518 sufficientes
747 1453 784 1517 ad
814 1452 1046 1536 dispensandum
1076 1451 1231 1517 habentur.

94 1558 167 1618 iliae
190 1563 289 1620 auteur
314 1577 422 1622 causae
445 1563 557 1638 optime
580 1563 773 1640 exponuntur
803 1557 839 1622 ab
863 1555 1034 1620 auctoribus
1057 1555 1229 1636 curialibus,

89 1679 129 1722 ex
164 1665 248 1741 praxi
271 1662 453 1742 quotidiana
486 1666 517 1722 iu
550 1666 587 1724 iis
622 1661 700 1722 bene
735 1665 879 1740 versatis,
917 1677 1045 1741 quorum
1080 1662 1231 1740 praecipui

89 1769 162 1826 suut
183 1763 314 1844 Pyrrhus
338 1763 496 1844 Corradus,
519 1763 638 1826 Marcus
661 1762 743 1841 Leo,
767 1763 804 1824 de
827 1763 931 1841 Justis,
956 1761 1126 1839 Navarrus,
1149 1761 1232 1851 Fag-

91 1885 198 1930 nauus.
231 1867 399 1950 Diligenter
421 1871 514 1950 igitur
536 1867 578 1928 itti
601 1873 671 1929 suut
693 1867 731 1929 de
754 1867 809 1930 hac
833 1870 955 1928 ruatcria
979 1861 1165 1926 consulendi.

179 1969 214 2032 11.
248 1970 340 2032 Porro
372 1969 672 2032 animadvertendum
708 1976 771 2050 est,
802 1971 889 2050 juxta
920 1971 1170 2050 sapientissimam
1202 1973 1233 2029 et

86 2073 285 2153 justissimam
314 2078 419 2153 praxin
443 2073 551 2134 Curiae
573 2073 726 2136 Roruauae
754 2090 859 2136 causas
888 2071 1143 2153 dispensationum
1172 2089 1233 2133 nou

89 2191 160 2239 esse
183 2175 413 2238 considerandas
435 2179 464 2236 iu
489 2177 648 2254 abstracto,
672 2175 725 2237 sed
745 2179 945 2255 incontrato,
969 2179 1146 2257 inquantum
1168 2177 1234 2236 soi-

86 2279 159 2338 licet
192 2298 230 2339 ex
263 2283 493 2340 circumstantiis
523 2295 610 2342 casus
649 2279 836 2360 particularis
868 2278 1050 2360 dispensatio
1085 2278 1241 2342 redundet·

89 2381 206 2442 directe
230 2381 277 2442 vel
308 2381 454 2443 indirecte
485 2381 521 2445 ad
551 2381 662 2444 bouum
693 2385 931 2460 communitam,
965 2400 1000 2444 ao
1022 2383 1122 2445 taliter
1143 2399 1233 2444 cour-

86 2489 228 2564 pensatio
250 2483 406 2552 sufficiens
429 2485 479 2548 fiat
502 2504 555 2567 pro
578 2485 686 2566 injuria
715 2485 775 2568 legi
799 2485 962 2548 universali
988 2504 1043 2567 per
1064 2485 1234 2552 relaxatio·

91 2604 163 2648 ueru
187 2588 397 2666 particularem
420 2589 499 2652 illata
507 2608 516 2664 3
539 2588 625 2650 hinc:

121 2690 156 2768 1)
181 2688 298 2750 facilius
321 2691 510 2772 dispensatur
532 2696 562 2754 iu
584 2709 656 2754 casu
679 2691 815 2770 occulis,
848 2695 916 2774 quia
940 2692 1049 2773 injuria
1078 2692 1140 2776 legi
1162 2691 1233 2754 iudo

175 2791 257 2854 illata
276 2797 374 2856 miuus
397 2800 499 2880 gravis
517 2801 572 2875 est,
598 2813 633 2858 ac
655 2793 780 2876 proinde
796 2811 857 2856 nou
876 2799 986 2858 tantam
1005 2797 1131 2878 requirit
1145 2813 1234 2859 com-

177 2900 393 2976 pensatiouem.

84 3088 295 3098 ...Μ

115 3191 208 3256 1),,111
227 3192 257 3242 iis
276 3190 385 3253 casibus,
404 3193 430 3242 iu
449 3190 541 3259 quibus
559 3208 636 3260 super
655 3190 833 3258 impedimento
850 3192 1004 3244 matrimonii
1023 3191 1155 3246 dirimente
1169 3194 1251 3261 Epi-¹

155 3293 250 3344 scopus
267 3277 415 3346 dispensare
433 3285 517 3343 potest
534 3294 565 3328 ex
583 3277 686 3346 speciali
705 3285 830 3344 potestate
848 3286 873 3330 et
891 3277 1038 3346 privilegio,
1060 3281 1233 3348 requiruntur

155 3371 182 3416 et
199 3363 329 3416 sufficiunt
346 3362 452 3416 eaedem
470 3379 577 3426 musae,
601 3363 633 3414 ob
652 3381 715 3434 quas
733 3373 817 3432 potest
835 3373 860 3416 et
877 3365 943 3416 solet
968 3364 1118 3431 dispensare
1135 3363 1233 3434 Pupa.“

156 3449 284 3502 Reiffeust
307 3466 365 3518 app.
379 3467 404 3502 u.
421 3450 477 3502 itt.
497 3449 568 3502 Ratio
587 3459 633 3514 est,
651 3453 711 3519 quia
730 3449 778 3502 hoc
796 3453 860 3518 ipso,
879 3449 946 3520 quod
966 3449 1041 3500 alicui
1053 3441 1168 3504 Pontifex¹
1187 3469 1232 3519 por

155 3535 314 3602 privilegium
333 3544 377 3588 aut
395 3536 538 3588 fucultatem
558 3537 692 3603 specialem
712 3539 880 3588 communicet
898 3545 1046 3604 potestatem
1065 3535 1231 3604 dispensandi

155 3637 234 3688 super
250 3624 323 3674 certis
341 3622 539 3689 impedimentis,
557 3638 632 3690 quam
644 3625 699 3689 ipse
717 3622 808 3686 habet,
829 3625 1005 3690 praesumitur,
1024 3629 1053 3672 ut
1070 3623 1138 3674 ute·
1157 3631 1232 3692 pote·

154 3715 220 3758 state
238 3715 322 3760 utatur
340 3725 369 3758 ex
388 3711 457 3758 omni
473 3715 499 3760 et
515 3709 572 3761 sota
589 3724 665 3760 causa
684 3709 741 3774 illa,
757 3711 796 3777 ¹ob
814 3725 889 3780 quam
908 3710 962 3777 ipse
980 3707 1127 3774 dispensare
1146 3717 1231 3776 potest

155 3801 181 3844 et
198 3791 271 3856 solet,
289 3810 337 3846 uec
356 3796 482 3860 praesumi
501 3802 583 3862 potest
601 3795 741 3848 concedere
759 3804 907 3866 potestatem
920 3793 1085 3864 dispensandi
1098 3811 1129 3848 ex
1142 3810 1231 3859 causa,

154 3895 253 3948 exque
272 3880 326 3947 ipse
345 3879 490 3946 dispensare
508 3897 560 3932 ¹uou
575 3881 648 3947 solet,
667 3891 753 3952 utpote
770 3899 828 3942 eam
846 3881 1040 3936 insufficientem
1062 3885 1231 3954 rgumceus.“

158 3964 299 4036 Schmalrg.
318 3969 355 4020 tit.
375 3965 416 4020 16.
438 3984 463 4022 u.
485 3966 542 4023 tar.
577 3985 578 3990 ¹
1087 3983 1090 3991 ’
