2758 4664
171 218 237 286 170
416 237 453 290 lle
474 239 663 312 impedimentis
682 243 866 292 matrimonium
887 239 1071 296 dirimentibus.

171 394 278 476 qulbus
306 394 582 458 denuntiationibus
612 398 713 476 lactis,
746 403 770 458 si
801 399 913 460 nullum
944 397 1111 480 legitimum
1143 402 1315 477 opponatur

170 497 430 577 impedimentum,
460 499 496 560 ad
526 501 758 564 celebrationem
789 506 967 562 matrimonii
996 505 1027 561 in
1056 501 1134 562 lacie
1162 500 1313 561 ecclesiae

171 601 356 680 procedatur.
384 601 446 676 Oai
467 605 569 677 aliter,
592 625 684 684 qaam
697 612 863 684 praesente
882 604 1031 683 parocho,
1054 606 1103 664 ael
1119 606 1182 665 alia
1199 623 1314 665 sacer-

169 705 256 780 dote,
289 706 326 765 de
348 707 449 784 ipsias
476 707 609 785 parcelli
629 727 684 768 scu
708 707 872 768 Ordinara‘r'
898 709 1037 782 licentia,
1066 715 1095 767 et
1116 707 1242 768 dnobus
1266 708 1314 766 acl

170 809 270 869 tribas
294 809 423 869 testibus
445 812 673 872 matrimonium
689 811 871 873 contrahere
893 811 1097 888 attentabant,
1121 831 1174 872 cos
1198 818 1313 872 sancta

168 912 314 992 synodus
336 914 379 974 ad
393 915 439 973 siit
453 913 694 974 contrabendum
712 919 833 996 omnino
851 914 1125 988 inhabitaretur,
1148 921 1177 973 et
1196 912 1314 988 bajua-

169 1015 252 1076 morlr'
272 1023 452 1076 contractas
474 1019 582 1078 imitas
605 1024 633 1076 et
650 1019 750 1078 nullas
774 1037 842 1078 esse
861 1018 1006 1091 decernit,
1028 1024 1123 1096 prout
1141 1035 1194 1077 eos
1207 1035 1315 1094 prac-

170 1120 251 1178 reati
270 1119 393 1180 decreto
415 1123 522 1181 irritas
545 1119 623 1195 facit
646 1128 673 1181 ct
695 1122 843 1182 artrrrcllat.
862 1155 903 1165 -
928 1167 933 1180 .
958 1167 964 1180 .
989 1170 995 1183 .
1022 1121 1163 1181 Decernit
1185 1125 1316 1198 iusuper

174 1219 205 1297 i)
220 1226 252 1281 ut
274 1220 442 1302 hujusmodi
459 1223 611 1284 decretum
627 1228 656 1284 iu
672 1241 850 1303 unaquaque
865 1223 1002 1301 parocbia
1017 1241 1103 1282 suum
1128 1222 1219 1283 robur
1243 1228 1314 1300 post

176 1327 296 1405 triginta
321 1325 385 1388 dies
408 1325 518 1386 babere
541 1330 662 1406 incipiat
684 1345 701 1386 a
724 1325 772 1386 die
790 1331 902 1405 primae
920 1326 1128 1404 publicationis
1151 1330 1181 1388 iu
1202 1325 1312 1386 eadem

172 1425 309 1506 parocbia
331 1427 406 1488 lacta
423 1427 633 1491 numerandos.
649 1426 673 1502 ¹)
687 1465 730 1474 —
744 1427 828 1490 Umie
848 1434 935 1508 patet,
961 1427 1205 1506 impedimentum
1222 1425 1312 1488 olan-

172 1530 349 1592 destiuitatis
372 1550 411 1592 ex
429 1532 499 1611 jure
523 1532 646 1594 Concilii
670 1531 835 1593 Tridentini
864 1535 992 1592 irritare
1015 1551 1048 1592 ac
1071 1531 1217 1590 citrancre
1242 1549 1312 1592 ma-

169 1637 351 1708 trimonium,
375 1633 493 1713 quaudo
510 1639 575 1696 siue
598 1635 726 1715 parocho
751 1639 870 1713 proprio
889 1636 937 1695 vel
953 1633 990 1694 ‹le
1007 1635 1071 1714 ejus
1091 1639 1141 1694 aut
1156 1633 1311 1694 Ordiuarii

169 1736 288 1796 licentia
317 1755 458 1816 expressa
487 1742 553 1798 siue
581 1740 641 1800 allo
670 1738 827 1799 sacerdote
850 1743 880 1798 et
903 1737 1019 1799 (luobus
1047 1737 1151 1798 saltem
1179 1737 1312 1797 testibus

169 1837 206 1898 de
231 1843 377 1916 praesenti
402 1840 584 1902 contrabitur
592 1860 600 1916 3
624 1842 658 1916 ⁴2)
682 1842 737 1902 ltuc
756 1861 829 1902 vcro
853 1840 1005 1900 decretum
1026 1858 1092 1899 cum
1111 1839 1203 1900 robur
1221 1857 1312 1900 suum

171 1958 230 2001 non
252 1940 354 2002 habeat
380 1946 410 2001 in
433 1960 611 2022 unaquaque
634 1945 770 2024 parocbia
799 1948 855 2005 uisi
878 1949 944 2024 post
969 1945 1089 2023 triginta
1114 1940 1180 2001 dies
1204 1941 1310 2020 publi-

170 2039 287 2104 catione
312 2043 395 2120 lacta,
420 2051 490 2106 non'
504 2049 609 2127 vigere
632 2051 662 2108 in
685 2047 744 2108 illis
767 2047 851 2116 loeis,
877 2046 925 2107 ubi
950 2044 987 2103 de
1006 2043 1083 2104 lacto
1105 2043 1239 2105 nautium
1266 2051 1313 2103 est

173 2145 404 2228 promulgatum,
428 2169 462 2210 ao
480 2149 605 2228 proinde
628 2151 666 2209 ibi
693 2154 878 2212 matrimonia
903 2147 1084 2208 claudestina
1110 2164 1232 2207 inuuere
1253 2165 1313 2205 va-

170 2247 237 2309 lida.
263 2285 301 2292 —
326 2249 411 2321 Ouod
434 2257 539 2314 attinet
561 2251 650 2313 hasce
674 2255 853 2331 provincias,
878 2256 909 2311 iu
934 2250 1025 2311 inulto
1050 2251 1162 2331 majore
1185 2248 1310 2328 quidem

171 2355 254 2430 parte
284 2351 399 2414 illarum
423 2351 480 2415 boc
503 2353 655 2415 ‹lecretum
687 2374 837 2434 uunquam
862 2361 907 2416 est
930 2353 1128 2432 publicatum,
1161 2351 1215 2412 secl
1240 2369 1310 2412 cum

169 2455 201 2513 iu
223 2459 324 2532 paucis
348 2455 451 2518 saltem
477 2457 621 2536 publicata
640 2461 678 2517 sit
702 2459 788 2535 lacta,
814 2477 873 2518 acu
893 2459 960 2517 licet
979 2461 1116 2518 ornittere
1142 2453 1310 2532 pleniorem

170 2557 257 2638 hujus
279 2557 500 2636 impedimenti,
523 2564 698 2640 inquantum
723 2565 769 2621 est
791 2562 954 2636 dirimens,
980 2552 1263 2637 explicationem.²)

171 2713 375 2722 --———-——-

201 2815 222 2880 ¹)
241 2814 305 2866 Sess.
324 2816 365 2865 24.
386 2814 418 2866 de
436 2816 536 2866 relorm.
556 2826 627 2867 tuatr.
646 2831 667 2864 c.
689 2813 711 2864 i.
730 2812 801 2864 Gonl'.
822 2812 879 2864 Cas.
898 2813 983 2866 XLlll.
1002 2813 1083 2880 xilv·

198 2900 221 2965 ²)
240 2899 362 2963 bertrici,
387 2901 471 2950 Theoi.
491 2917 553 2950 mor.
572 2919 594 2967 p.
614 2902 638 2952 3.
658 2918 680 2966 p.
701 2901 758 2950 350.
789 2900 939 2962 „Decretum
966 2901 1011 2950 ltoc
1032 2899 1184 2966 publicatum
1210 2897 1310 2948 haben-

240 2985 299 3034 dum
324 3002 378 3036 esse
402 2988 426 3036 in
450 2985 558 3035 dioecesi
577 2986 601 3036 S.
620 2985 752 3045 ludoviciq
777 3001 807 3035 eu
831 2986 898 3052 quod
922 2988 990 3052 regio
1015 2986 1054 3035 illa
1080 3000 1159 3050 penas
1179 2983 1304 3050 llispanoe

241 3069 356 3121 Gallosve
375 3071 501 3139 quondam
522 3072 606 3130 luerit,
628 3072 765 3122 declaravit
783 3071 893 3135 ejusdem
915 3073 1047 3136 episcopua
1064 3069 1158 3120 tantm
1179 3069 1266 3118 Rosati
1285 3072 1310 3119 in

241 3157 343 3220 syuodo
362 3157 525 3218 dioecesana,
545 3157 656 3223 allegans
674 3158 699 3207 S.
718 3156 889 3224 inquisitionis
911 3155 1055 3216 decretam,
1079 3156 1103 3205 9.
1123 3156 1222 3221 Septbr.
1243 3157 1311 3205 1824

241 3241 327 3292 latum.
346 3241 467 3311 Equidem
487 3241 581 3292 decreti
593 3259 615 3292 m
635 3243 704 3303 illud,
722 3243 788 3312 qaod
809 3259 869 3308 prae
881 3242 997 3292 nrauibus
1015 3244 1250 3310 impraesentiarum
1265 3240 1312 3289 ha-

240 3327 339 3388 bemus,
357 3336 445 3378 merito
463 3327 534 3378 dicit:
555 3328 711 3390 „Tridentini
727 3329 819 3380 decreti
836 3328 1028 3396 publicationem
1049 3327 1081 3379 ibi
1097 3325 1311 3393 praesumendam

241 3431 295 3465 eam
319 3429 387 3474 csse,
416 3413 457 3464 ubi
481 3422 577 3464 constet
599 3414 726 3464 decretura
750 3414 810 3464 illud
835 3416 911 3465 luisse
936 3415 1019 3481 aliquo
1043 3422 1156 3479 tcmpcrc
1181 3421 1309 3480 tamquam

239 3499 366 3550 decretum
386 3501 482 3550 concilii
501 3499 687 3560 observatum,
713 3499 824 3568 illudque
845 3500 1005 3552 observatum
1031 3497 1166 3567 aliquando
1186 3497 1262 3546 luisse
1280 3499 1310 3546 iis

240 3588 266 3636 in
285 3585 438 3654 regionibus.
457 3603 514 3637 cam
529 3584 653 3636 Gallorum
673 3595 697 3635 et
711 3585 877 3652 Hispanorum
897 3585 1070 3636 subdebantur
1088 3586 1203 3650 imperio,
1223 3592 1310 3632 oeten-

241 3672 285 3733 dit,
303 3681 356 3726 tum
375 3690 406 3724 ex
424 3671 507 3723 studio
523 3671 690 3738 Hispanorum
711 3687 755 3738 pro
774 3673 889 3734 concilio,
908 3680 932 3721 et
951 3670 1078 3722 Gallorum
1098 3670 1129 3720 ad
1149 3672 1310 3720 matrimonia

241 3758 397 3810 claudestina
422 3756 597 3825 impedienda,
624 3765 676 3808 tum
704 3774 735 3808 ex
761 3756 872 3808 del'uncti
901 3759 1012 3824 episcopi
1037 3755 1308 3807 Neo-Aurelianensis

240 3847 390 3895 testimonio.
427 3843 454 3893 ld
474 3858 519 3908 pro
538 3859 565 3894 re
588 3842 715 3909 explorata
739 3842 882 3894 habendum
902 3851 952 3907 est3
977 3843 1021 3893 sed
1040 3842 1070 3892 ad
1094 3846 1234 3908 paroecias
1251 3840 1308 3890 aliur

242 3938 339 3981 erectas
357 3928 532 3996 restringenda
557 3929 620 3979 haec
638 3938 767 3996 putamus3
793 3945 851 3980 num
870 3929 894 3979 S.
915 3928 941 3981 G.
961 3928 993 3980 do
1010 3927 1036 3980 P.
1055 3928 1082 3979 F.
1106 3930 1132 3978 in
1151 3929 1209 3994 pati
1226 3943 1308 3978 rerum

242 4015 387 4068 conditione
411 4031 478 4067 anuo
498 4015 564 4068 1820
583 4013 696 4068 decrevit
719 4031 785 4083 „pro
802 4015 892 4068 incolis
916 4015 1039 4068 dioecesin
1056 4012 1245 4077 Quebecenaie,
1269 4015 1310 4084 qui
