<?xml version="1.0" encoding="UTF-8"?>
<!DOCTYPE html PUBLIC "-//W3C//DTD XHTML 1.0 Transitional//EN"
    "http://www.w3.org/TR/xhtml1/DTD/xhtml1-transitional.dtd">
<html xmlns="http://www.w3.org/1999/xhtml" xml:lang="en" lang="en">
 <head>
  <title>
</title>
<meta http-equiv="Content-Type" content="text/html;charset=utf-8" />
  <meta name='ocr-system' content='tesseract 3.04.00' />
  <meta name='ocr-capabilities' content='ocr_page ocr_carea ocr_par ocr_line ocrx_word'/>
</head>
<body>
  <div class='ocr_page' id='page_1' title='image "./dematrimoniotra00heisgoog_0416.png"; bbox 0 0 2736 4660; ppageno 0'>
   <div class='ocr_carea' id='block_1_1' title="bbox 504 177 1221 249">
    <p class='ocr_par' dir='ltr' id='par_1_1' title="bbox 504 177 1221 249">
     <span class='ocr_line' id='line_1_1' title="bbox 504 177 1221 249; baseline -0.004 0"><span class='ocrx_word' id='word_1_1' title='bbox 504 189 582 249; x_wconf 63' lang='lat' dir='ltr'>&amp;aua</span> <span class='ocrx_word' id='word_1_2' title='bbox 601 191 805 246; x_wconf 73' lang='lat' dir='ltr'>matrimoniales.</span> <span class='ocrx_word' id='word_1_3' title='bbox 1159 177 1221 248; x_wconf 78' lang='lat' dir='ltr'>39l</span> 
     </span>
    </p>
   </div>
   <div class='ocr_carea' id='block_1_2' title="bbox 81 349 1286 4046">
    <p class='ocr_par' dir='ltr' id='par_1_2' title="bbox 83 349 1223 1050">
     <span class='ocr_line' id='line_1_2' title="bbox 84 349 1222 434; baseline 0.005 -20"><span class='ocrx_word' id='word_1_4' title='bbox 84 351 229 416; x_wconf 87' lang='lat' dir='ltr'>utendum</span> <span class='ocrx_word' id='word_1_5' title='bbox 253 357 308 428; x_wconf 87' lang='lat' dir='ltr'>est,</span> <span class='ocrx_word' id='word_1_6' title='bbox 333 355 423 433; x_wconf 85' lang='lat' dir='ltr'>atquc</span> <span class='ocrx_word' id='word_1_7' title='bbox 445 355 478 413; x_wconf 97' lang='lat' dir='ltr'>in</span> <span class='ocrx_word' id='word_1_8' title='bbox 501 355 604 434; x_wconf 87' lang='lat' dir='ltr'>primis</span> <span class='ocrx_word' id='word_1_9' title='bbox 627 352 782 432; x_wconf 86' lang='lat' dir='ltr'>explorare</span> <span class='ocrx_word' id='word_1_10' title='bbox 805 349 905 430; x_wconf 89' lang='lat' dir='ltr'>debet,</span> <span class='ocrx_word' id='word_1_11' title='bbox 932 369 968 412; x_wconf 87' lang='lat' dir='ltr'>an</span> <span class='ocrx_word' id='word_1_12' title='bbox 991 351 1100 432; x_wconf 84' lang='lat' dir='ltr'>copula</span> <span class='ocrx_word' id='word_1_13' title='bbox 1123 352 1222 420; x_wconf 81' lang='lat' dir='ltr'>habita</span> 
     </span>
     <span class='ocr_line' id='line_1_3' title="bbox 84 453 1223 538; baseline 0.001 -21"><span class='ocrx_word' id='word_1_14' title='bbox 84 455 233 536; x_wconf 88' lang='lat' dir='ltr'>completa</span> <span class='ocrx_word' id='word_1_15' title='bbox 256 455 355 534; x_wconf 75' lang='lat' dir='ltr'>luerit,</span> <span class='ocrx_word' id='word_1_16' title='bbox 381 460 411 516; x_wconf 94' lang='lat' dir='ltr'>et</span> <span class='ocrx_word' id='word_1_17' title='bbox 432 460 499 534; x_wconf 90' lang='lat' dir='ltr'>apta</span> <span class='ocrx_word' id='word_1_18' title='bbox 523 459 711 538; x_wconf 84' lang='lat' dir='ltr'>generationi</span> <span class='ocrx_word' id='word_1_19' title='bbox 719 475 728 528; x_wconf 90' lang='lat'>;</span> <span class='ocrx_word' id='word_1_20' title='bbox 760 458 874 516; x_wconf 86' lang='lat' dir='ltr'>namsi</span> <span class='ocrx_word' id='word_1_21' title='bbox 899 471 986 517; x_wconf 89' lang='lat' dir='ltr'>secus</span> <span class='ocrx_word' id='word_1_22' title='bbox 1009 453 1110 536; x_wconf 80' lang='lat' dir='ltr'>luerit,</span> <span class='ocrx_word' id='word_1_23' title='bbox 1135 459 1223 519; x_wconf 86' lang='lat' dir='ltr'>sicuti</span> 
     </span>
     <span class='ocr_line' id='line_1_4' title="bbox 84 555 1223 640; baseline -0.003 -19"><span class='ocrx_word' id='word_1_24' title='bbox 84 579 124 622; x_wconf 83' lang='lat' dir='ltr'>ex</span> <span class='ocrx_word' id='word_1_25' title='bbox 145 559 326 640; x_wconf 75' lang='lat' dir='ltr'>incompleta</span> <span class='ocrx_word' id='word_1_26' title='bbox 348 557 453 638; x_wconf 90' lang='lat' dir='ltr'>copula</span> <span class='ocrx_word' id='word_1_27' title='bbox 476 557 556 622; x_wconf 90' lang='lat' dir='ltr'>nulla</span> <span class='ocrx_word' id='word_1_28' title='bbox 579 563 624 620; x_wconf 90' lang='lat' dir='ltr'>est</span> <span class='ocrx_word' id='word_1_29' title='bbox 645 555 791 632; x_wconf 82' lang='lat' dir='ltr'>affinitas,</span> <span class='ocrx_word' id='word_1_30' title='bbox 816 561 859 618; x_wconf 90' lang='lat' dir='ltr'>sic</span> <span class='ocrx_word' id='word_1_31' title='bbox 882 557 962 621; x_wconf 90' lang='lat' dir='ltr'>nulla</span> <span class='ocrx_word' id='word_1_32' title='bbox 985 574 1052 618; x_wconf 90' lang='lat' dir='ltr'>esse</span> <span class='ocrx_word' id='word_1_33' title='bbox 1075 556 1164 620; x_wconf 88' lang='lat' dir='ltr'>debet</span> <span class='ocrx_word' id='word_1_34' title='bbox 1185 558 1223 619; x_wconf 93' lang='lat' dir='ltr'>de</span> 
     </span>
     <span class='ocr_line' id='line_1_5' title="bbox 84 659 1223 746; baseline -0.002 -22"><span class='ocrx_word' id='word_1_35' title='bbox 84 665 152 746; x_wconf 91' lang='lat' dir='ltr'>ejus</span> <span class='ocrx_word' id='word_1_36' title='bbox 175 665 356 726; x_wconf 87' lang='lat' dir='ltr'>matrimonii</span> <span class='ocrx_word' id='word_1_37' title='bbox 380 662 514 726; x_wconf 82' lang='lat' dir='ltr'>nullitate</span> <span class='ocrx_word' id='word_1_38' title='bbox 536 664 689 742; x_wconf 89' lang='lat' dir='ltr'>suspicio,</span> <span class='ocrx_word' id='word_1_39' title='bbox 720 665 752 721; x_wconf 95' lang='lat' dir='ltr'>ut</span> <span class='ocrx_word' id='word_1_40' title='bbox 775 665 879 722; x_wconf 91' lang='lat' dir='ltr'>notum</span> <span class='ocrx_word' id='word_1_41' title='bbox 902 665 962 724; x_wconf 66' lang='lat' dir='ltr'>est,</span> <span class='ocrx_word' id='word_1_42' title='bbox 1002 659 1102 722; x_wconf 90' lang='lat' dir='ltr'>Posito</span> <span class='ocrx_word' id='word_1_43' title='bbox 1123 667 1223 726; x_wconf 88' lang='lat' dir='ltr'>autern</span> 
     </span>
     <span class='ocr_line' id='line_1_6' title="bbox 84 761 1222 826; baseline -0.002 0"><span class='ocrx_word' id='word_1_44' title='bbox 84 783 177 826; x_wconf 90' lang='lat' dir='ltr'>verae</span> <span class='ocrx_word' id='word_1_45' title='bbox 207 763 412 826; x_wconf 80' lang='lat' dir='ltr'>fornicationis</span> <span class='ocrx_word' id='word_1_46' title='bbox 440 769 567 826; x_wconf 81' lang='lat' dir='ltr'>crimine</span> <span class='ocrx_word' id='word_1_47' title='bbox 596 762 799 826; x_wconf 85' lang='lat' dir='ltr'>confessarius</span> <span class='ocrx_word' id='word_1_48' title='bbox 821 761 979 826; x_wconf 86' lang='lat' dir='ltr'>Florindae</span> <span class='ocrx_word' id='word_1_49' title='bbox 1008 767 1222 826; x_wconf 85' lang='lat' dir='ltr'>conscientiam</span> 
     </span>
     <span class='ocr_line' id='line_1_7' title="bbox 83 865 1223 946; baseline -0.001 -16"><span class='ocrx_word' id='word_1_50' title='bbox 83 872 164 930; x_wconf 90' lang='lat' dir='ltr'>circa</span> <span class='ocrx_word' id='word_1_51' title='bbox 191 873 238 930; x_wconf 93' lang='lat' dir='ltr'>sui</span> <span class='ocrx_word' id='word_1_52' title='bbox 272 871 452 930; x_wconf 81' lang='lat' dir='ltr'>matrimonii</span> <span class='ocrx_word' id='word_1_53' title='bbox 482 868 614 930; x_wconf 90' lang='lat' dir='ltr'>valorem</span> <span class='ocrx_word' id='word_1_54' title='bbox 637 871 722 928; x_wconf 87' lang='lat' dir='ltr'>caule</span> <span class='ocrx_word' id='word_1_55' title='bbox 746 865 899 946; x_wconf 87' lang='lat' dir='ltr'>exploret,</span> <span class='ocrx_word' id='word_1_56' title='bbox 930 883 968 926; x_wconf 90' lang='lat' dir='ltr'>an</span> <span class='ocrx_word' id='word_1_57' title='bbox 994 865 1109 931; x_wconf 88' lang='lat' dir='ltr'>scilicet</span> <span class='ocrx_word' id='word_1_58' title='bbox 1132 871 1170 927; x_wconf 91' lang='lat' dir='ltr'>sit</span> <span class='ocrx_word' id='word_1_59' title='bbox 1192 871 1223 930; x_wconf 88' lang='lat' dir='ltr'>in</span> 
     </span>
     <span class='ocr_line' id='line_1_8' title="bbox 83 969 745 1050; baseline -0.003 -16"><span class='ocrx_word' id='word_1_60' title='bbox 83 973 163 1034; x_wconf 90' lang='lat' dir='ltr'>hona</span> <span class='ocrx_word' id='word_1_61' title='bbox 186 969 255 1050; x_wconf 86' lang='lat' dir='ltr'>ilde,</span> <span class='ocrx_word' id='word_1_62' title='bbox 279 971 328 1032; x_wconf 91' lang='lat' dir='ltr'>vel</span> <span class='ocrx_word' id='word_1_63' title='bbox 350 971 435 1050; x_wconf 90' lang='lat' dir='ltr'>mala,</span> <span class='ocrx_word' id='word_1_64' title='bbox 461 976 511 1032; x_wconf 91' lang='lat' dir='ltr'>aut</span> <span class='ocrx_word' id='word_1_65' title='bbox 534 975 626 1034; x_wconf 88' lang='lat' dir='ltr'>etiam</span> <span class='ocrx_word' id='word_1_66' title='bbox 648 969 745 1032; x_wconf 91' lang='lat' dir='ltr'>dubia.</span> 
     </span>
    </p>

    <p class='ocr_par' dir='ltr' id='par_1_3' title="bbox 83 1073 1286 1880">
     <span class='ocr_line' id='line_1_9' title="bbox 173 1073 1223 1154; baseline -0.002 -18"><span class='ocrx_word' id='word_1_67' title='bbox 173 1073 202 1136; x_wconf 89' lang='lat' dir='ltr'>Si</span> <span class='ocrx_word' id='word_1_68' title='bbox 226 1074 334 1138; x_wconf 88' lang='lat' dir='ltr'>mulier</span> <span class='ocrx_word' id='word_1_69' title='bbox 356 1079 386 1136; x_wconf 95' lang='lat' dir='ltr'>in</span> <span class='ocrx_word' id='word_1_70' title='bbox 409 1075 486 1138; x_wconf 91' lang='lat' dir='ltr'>mala</span> <span class='ocrx_word' id='word_1_71' title='bbox 508 1073 568 1137; x_wconf 90' lang='lat' dir='ltr'>lide</span> <span class='ocrx_word' id='word_1_72' title='bbox 597 1091 665 1136; x_wconf 90' lang='lat' dir='ltr'>esse</span> <span class='ocrx_word' id='word_1_73' title='bbox 688 1076 871 1154; x_wconf 80' lang='lat' dir='ltr'>reperiatur,</span> <span class='ocrx_word' id='word_1_74' title='bbox 900 1077 932 1133; x_wconf 95' lang='lat' dir='ltr'>ut</span> <span class='ocrx_word' id='word_1_75' title='bbox 955 1089 1065 1151; x_wconf 90' lang='lat' dir='ltr'>nempe</span> <span class='ocrx_word' id='word_1_76' title='bbox 1086 1077 1133 1136; x_wconf 89' lang='lat' dir='ltr'>sui</span> <span class='ocrx_word' id='word_1_77' title='bbox 1156 1091 1223 1136; x_wconf 93' lang='lat' dir='ltr'>ma-</span> 
     </span>
     <span class='ocr_line' id='line_1_10' title="bbox 84 1171 1286 1258; baseline 0 -21"><span class='ocrx_word' id='word_1_78' title='bbox 84 1181 221 1243; x_wconf 88' lang='lat' dir='ltr'>trimonii</span> <span class='ocrx_word' id='word_1_79' title='bbox 250 1177 414 1240; x_wconf 88' lang='lat' dir='ltr'>nullitatem</span> <span class='ocrx_word' id='word_1_80' title='bbox 452 1182 635 1258; x_wconf 84' lang='lat' dir='ltr'>perspectam</span> <span class='ocrx_word' id='word_1_81' title='bbox 668 1174 789 1255; x_wconf 88' lang='lat' dir='ltr'>habeat,</span> <span class='ocrx_word' id='word_1_82' title='bbox 828 1171 1074 1256; x_wconf 85' lang='lat' dir='ltr'>reprehendenda</span> <span class='ocrx_word' id='word_1_83' title='bbox 1106 1180 1154 1236; x_wconf 93' lang='lat' dir='ltr'>est</span> <span class='ocrx_word' id='word_1_84' title='bbox 1185 1175 1223 1238; x_wconf 93' lang='lat' dir='ltr'>de</span> <span class='ocrx_word' id='word_1_85' title='bbox 1283 1231 1286 1236; x_wconf 79' lang='grc'>,</span> 
     </span>
     <span class='ocr_line' id='line_1_11' title="bbox 83 1277 1222 1361; baseline 0.004 -23"><span class='ocrx_word' id='word_1_86' title='bbox 83 1284 164 1361; x_wconf 89' lang='lat' dir='ltr'>turpi</span> <span class='ocrx_word' id='word_1_87' title='bbox 187 1279 400 1360; x_wconf 87' lang='lat' dir='ltr'>concubinatu,</span> <span class='ocrx_word' id='word_1_88' title='bbox 422 1299 457 1344; x_wconf 87' lang='lat' dir='ltr'>ac</span> <span class='ocrx_word' id='word_1_89' title='bbox 475 1279 633 1358; x_wconf 89' lang='lat' dir='ltr'>monenda,</span> <span class='ocrx_word' id='word_1_90' title='bbox 658 1285 691 1341; x_wconf 95' lang='lat' dir='ltr'>ut</span> <span class='ocrx_word' id='word_1_91' title='bbox 712 1284 858 1342; x_wconf 88' lang='lat' dir='ltr'>secretam</span> <span class='ocrx_word' id='word_1_92' title='bbox 874 1277 1125 1358; x_wconf 85' lang='lat' dir='ltr'>dispensationem</span> <span class='ocrx_word' id='word_1_93' title='bbox 1148 1297 1175 1340; x_wconf 91' lang='lat' dir='ltr'>a.</span> <span class='ocrx_word' id='word_1_94' title='bbox 1198 1297 1222 1342; x_wconf 91' lang='lat' dir='ltr'>s.</span> 
     </span>
     <span class='ocr_line' id='line_1_12' title="bbox 84 1367 1223 1466; baseline -0.001 -23"><span class='ocrx_word' id='word_1_95' title='bbox 84 1383 318 1444; x_wconf 85' lang='lat' dir='ltr'>Paenitentiaria</span> <span class='ocrx_word' id='word_1_96' title='bbox 350 1383 468 1445; x_wconf 92' lang='lat' dir='ltr'>studeat</span> <span class='ocrx_word' id='word_1_97' title='bbox 495 1388 673 1466; x_wconf 87' lang='lat' dir='ltr'>impetrare,</span> <span class='ocrx_word' id='word_1_98' title='bbox 691 1382 740 1456; x_wconf 62' lang='lat' dir='ltr'>,ad</span> <span class='ocrx_word' id='word_1_99' title='bbox 769 1367 1005 1464; x_wconf 63' lang='lat' dir='ltr'>quam&#39;quidem</span> <span class='ocrx_word' id='word_1_100' title='bbox 1032 1379 1223 1444; x_wconf 87' lang='lat' dir='ltr'>obtinendam</span> 
     </span>
     <span class='ocr_line' id='line_1_13' title="bbox 84 1465 1224 1568; baseline 0 -22"><span class='ocrx_word' id='word_1_101' title='bbox 84 1503 146 1547; x_wconf 94' lang='lat' dir='ltr'>non</span> <span class='ocrx_word' id='word_1_102' title='bbox 170 1485 258 1548; x_wconf 90' lang='lat' dir='ltr'>modo</span> <span class='ocrx_word' id='word_1_103' title='bbox 281 1486 443 1566; x_wconf 82' lang='lat' dir='ltr'>parochus,</span> <span class='ocrx_word' id='word_1_104' title='bbox 475 1485 639 1550; x_wconf 84' lang='lat' dir='ltr'>sedetiam</span> <span class='ocrx_word' id='word_1_105' title='bbox 667 1465 767 1568; x_wconf 62' lang='lat' dir='ltr'>utrivis</span> <span class='ocrx_word' id='word_1_106' title='bbox 796 1484 1015 1558; x_wconf 72' lang='lat' dir='ltr'>contessoris,</span> <span class='ocrx_word' id='word_1_107' title='bbox 1048 1484 1153 1548; x_wconf 87' lang='lat' dir='ltr'>saltem</span> <span class='ocrx_word' id='word_1_108' title='bbox 1184 1502 1224 1546; x_wconf 87' lang='lat' dir='ltr'>ex</span> 
     </span>
     <span class='ocr_line' id='line_1_14' title="bbox 83 1585 1223 1670; baseline 0 -22"><span class='ocrx_word' id='word_1_109' title='bbox 83 1591 220 1665; x_wconf 88' lang='lat' dir='ltr'>caritate,</span> <span class='ocrx_word' id='word_1_110' title='bbox 244 1587 343 1666; x_wconf 87' lang='lat' dir='ltr'>debet,</span> <span class='ocrx_word' id='word_1_111' title='bbox 367 1589 417 1650; x_wconf 89' lang='lat' dir='ltr'>ubi</span> <span class='ocrx_word' id='word_1_112' title='bbox 445 1607 521 1670; x_wconf 90' lang='lat' dir='ltr'>opus</span> <span class='ocrx_word' id='word_1_113' title='bbox 544 1589 644 1668; x_wconf 79' lang='lat' dir='ltr'>irent,</span> <span class='ocrx_word' id='word_1_114' title='bbox 668 1607 791 1670; x_wconf 84' lang='lat' dir='ltr'>operam</span> <span class='ocrx_word' id='word_1_115' title='bbox 813 1607 897 1652; x_wconf 90' lang='lat' dir='ltr'>suam</span> <span class='ocrx_word' id='word_1_116' title='bbox 920 1587 1110 1670; x_wconf 69' lang='lat' dir='ltr'>impendere,</span> <span class='ocrx_word' id='word_1_117' title='bbox 1133 1585 1223 1648; x_wconf 89' lang='lat' dir='ltr'>deni-</span> 
     </span>
     <span class='ocr_line' id='line_1_15' title="bbox 84 1689 1222 1784; baseline 0.002 -32"><span class='ocrx_word' id='word_1_118' title='bbox 84 1709 146 1772; x_wconf 85' lang='lat' dir='ltr'>que</span> <span class='ocrx_word' id='word_1_119' title='bbox 168 1691 303 1774; x_wconf 84' lang='lat' dir='ltr'>urgenda</span> <span class='ocrx_word' id='word_1_120' title='bbox 326 1698 390 1771; x_wconf 91' lang='lat' dir='ltr'>est,</span> <span class='ocrx_word' id='word_1_121' title='bbox 414 1698 447 1754; x_wconf 91' lang='lat' dir='ltr'>ut</span> <span class='ocrx_word' id='word_1_122' title='bbox 468 1695 587 1756; x_wconf 90' lang='lat' dir='ltr'>interim</span> <span class='ocrx_word' id='word_1_123' title='bbox 611 1693 648 1756; x_wconf 90' lang='lat' dir='ltr'>ab</span> <span class='ocrx_word' id='word_1_124' title='bbox 670 1692 810 1754; x_wconf 91' lang='lat' dir='ltr'>omnibus</span> <span class='ocrx_word' id='word_1_125' title='bbox 831 1693 966 1779; x_wconf 79' lang='lat' dir='ltr'>conjugii</span> <span class='ocrx_word' id='word_1_126' title='bbox 988 1689 1104 1784; x_wconf 77' lang='lat' dir='ltr'>aclibus</span> <span class='ocrx_word' id='word_1_127' title='bbox 1126 1689 1222 1754; x_wconf 85' lang='lat' dir='ltr'>absti-</span> 
     </span>
     <span class='ocr_line' id='line_1_16' title="bbox 83 1774 1073 1880; baseline -0.002 -24"><span class='ocrx_word' id='word_1_128' title='bbox 83 1800 170 1870; x_wconf 75' lang='lat' dir='ltr'>neat,</span> <span class='ocrx_word' id='word_1_129' title='bbox 193 1800 306 1874; x_wconf 91' lang='lat' dir='ltr'>utpote,</span> <span class='ocrx_word' id='word_1_130' title='bbox 330 1797 380 1874; x_wconf 90' lang='lat' dir='ltr'>qui</span> <span class='ocrx_word' id='word_1_131' title='bbox 404 1813 464 1858; x_wconf 94' lang='lat' dir='ltr'>non</span> <span class='ocrx_word' id='word_1_132' title='bbox 487 1797 672 1880; x_wconf 84' lang='lat' dir='ltr'>conjugales,</span> <span class='ocrx_word' id='word_1_133' title='bbox 697 1797 751 1860; x_wconf 87' lang='lat' dir='ltr'>sed</span> <span class='ocrx_word' id='word_1_134' title='bbox 772 1798 937 1859; x_wconf 90' lang='lat' dir='ltr'>incestuosi</span> <span class='ocrx_word' id='word_1_135' title='bbox 958 1774 1038 1858; x_wconf 81' lang='lat' dir='ltr'>sunt.</span> <span class='ocrx_word' id='word_1_136' title='bbox 1070 1781 1073 1786; x_wconf 67' lang='grc'>’</span> 
     </span>
    </p>

    <p class='ocr_par' dir='ltr' id='par_1_4' title="bbox 81 1897 1223 3198">
     <span class='ocr_line' id='line_1_17' title="bbox 172 1897 1223 1982; baseline 0 -22"><span class='ocrx_word' id='word_1_137' title='bbox 172 1897 203 1960; x_wconf 90' lang='lat' dir='ltr'>Si</span> <span class='ocrx_word' id='word_1_138' title='bbox 226 1897 385 1982; x_wconf 85' lang='lat' dir='ltr'>detegatur</span> <span class='ocrx_word' id='word_1_139' title='bbox 413 1901 444 1958; x_wconf 93' lang='lat' dir='ltr'>in</span> <span class='ocrx_word' id='word_1_140' title='bbox 467 1897 556 1962; x_wconf 87' lang='lat' dir='ltr'>dubia</span> <span class='ocrx_word' id='word_1_141' title='bbox 578 1899 654 1978; x_wconf 86' lang='lat' dir='ltr'>fide,</span> <span class='ocrx_word' id='word_1_142' title='bbox 689 1904 807 1964; x_wconf 89' lang='lat' dir='ltr'>tenetur</span> <span class='ocrx_word' id='word_1_143' title='bbox 830 1897 1037 1961; x_wconf 80' lang='lat' dir='ltr'>Confessanus</span> <span class='ocrx_word' id='word_1_144' title='bbox 1061 1902 1223 1978; x_wconf 88' lang='lat' dir='ltr'>poeniten-</span> 
     </span>
     <span class='ocr_line' id='line_1_18' title="bbox 82 2000 1223 2082; baseline 0.003 -21"><span class='ocrx_word' id='word_1_145' title='bbox 82 2007 146 2062; x_wconf 91' lang='lat' dir='ltr'>tem</span> <span class='ocrx_word' id='word_1_146' title='bbox 176 2000 213 2062; x_wconf 91' lang='lat' dir='ltr'>de</span> <span class='ocrx_word' id='word_1_147' title='bbox 242 2007 285 2064; x_wconf 90' lang='lat' dir='ltr'>rei</span> <span class='ocrx_word' id='word_1_148' title='bbox 315 2005 442 2064; x_wconf 86' lang='lat' dir='ltr'>veritate</span> <span class='ocrx_word' id='word_1_149' title='bbox 471 2001 590 2066; x_wconf 86' lang='lat' dir='ltr'>docere.</span> <span class='ocrx_word' id='word_1_150' title='bbox 643 2002 718 2066; x_wconf 91' lang='lat' dir='ltr'>Nam</span> <span class='ocrx_word' id='word_1_151' title='bbox 752 2021 791 2064; x_wconf 86' lang='lat' dir='ltr'>ex</span> <span class='ocrx_word' id='word_1_152' title='bbox 821 2021 880 2064; x_wconf 93' lang='lat' dir='ltr'>una</span> <span class='ocrx_word' id='word_1_153' title='bbox 908 2007 1009 2082; x_wconf 88' lang='lat' dir='ltr'>parta,</span> <span class='ocrx_word' id='word_1_154' title='bbox 1040 2005 1223 2066; x_wconf 87' lang='lat' dir='ltr'>conscientia</span> 
     </span>
     <span class='ocr_line' id='line_1_19' title="bbox 83 2103 1222 2188; baseline 0.002 -24"><span class='ocrx_word' id='word_1_155' title='bbox 83 2104 174 2166; x_wconf 88' lang='lat' dir='ltr'>dubia</span> <span class='ocrx_word' id='word_1_156' title='bbox 196 2123 257 2166; x_wconf 93' lang='lat' dir='ltr'>non</span> <span class='ocrx_word' id='word_1_157' title='bbox 280 2111 326 2167; x_wconf 89' lang='lat' dir='ltr'>est</span> <span class='ocrx_word' id='word_1_158' title='bbox 348 2103 458 2170; x_wconf 90' lang='lat' dir='ltr'>idonea</span> <span class='ocrx_word' id='word_1_159' title='bbox 474 2105 580 2188; x_wconf 75' lang='lat' dir='ltr'>regulo</span> <span class='ocrx_word' id='word_1_160' title='bbox 602 2123 736 2185; x_wconf 80' lang='lat' dir='ltr'>morum3</span> <span class='ocrx_word' id='word_1_161' title='bbox 760 2113 790 2167; x_wconf 87' lang='lat' dir='ltr'>at</span> <span class='ocrx_word' id='word_1_162' title='bbox 812 2123 852 2166; x_wconf 81' lang='lat' dir='ltr'>ex</span> <span class='ocrx_word' id='word_1_163' title='bbox 873 2106 929 2168; x_wconf 91' lang='lat' dir='ltr'>alia</span> <span class='ocrx_word' id='word_1_164' title='bbox 945 2105 1147 2168; x_wconf 76' lang='lat' dir='ltr'>confessarius</span> <span class='ocrx_word' id='word_1_165' title='bbox 1162 2124 1222 2168; x_wconf 91' lang='lat' dir='ltr'>non</span> 
     </span>
     <span class='ocr_line' id='line_1_20' title="bbox 82 2207 1223 2292; baseline 0.002 -24"><span class='ocrx_word' id='word_1_166' title='bbox 82 2225 175 2268; x_wconf 86' lang='lat' dir='ltr'>secus</span> <span class='ocrx_word' id='word_1_167' title='bbox 198 2226 241 2270; x_wconf 88' lang='lat' dir='ltr'>ao.</span> <span class='ocrx_word' id='word_1_168' title='bbox 257 2209 386 2288; x_wconf 86' lang='lat' dir='ltr'>judicis,</span> <span class='ocrx_word' id='word_1_169' title='bbox 419 2207 551 2272; x_wconf 91' lang='lat' dir='ltr'>doctoris</span> <span class='ocrx_word' id='word_1_170' title='bbox 580 2228 738 2292; x_wconf 89' lang='lat' dir='ltr'>personam</span> <span class='ocrx_word' id='word_1_171' title='bbox 767 2212 915 2286; x_wconf 82' lang='lat' dir='ltr'>sustinet,</span> <span class='ocrx_word' id='word_1_172' title='bbox 948 2213 979 2274; x_wconf 89' lang='lat' dir='ltr'>et</span> <span class='ocrx_word' id='word_1_173' title='bbox 1005 2213 1163 2290; x_wconf 89' lang='lat' dir='ltr'>poenitens</span> <span class='ocrx_word' id='word_1_174' title='bbox 1185 2207 1223 2270; x_wconf 87' lang='lat' dir='ltr'>ad</span> 
     </span>
     <span class='ocr_line' id='line_1_21' title="bbox 81 2299 1222 2394; baseline 0.001 -23"><span class='ocrx_word' id='word_1_175' title='bbox 81 2315 179 2390; x_wconf 85' lang='lat' dir='ltr'>ipsam</span> <span class='ocrx_word' id='word_1_176' title='bbox 203 2299 351 2394; x_wconf 86' lang='lat' dir='ltr'>tamquam</span> <span class='ocrx_word' id='word_1_177' title='bbox 374 2312 411 2374; x_wconf 89' lang='lat' dir='ltr'>ad</span> <span class='ocrx_word' id='word_1_178' title='bbox 426 2311 586 2376; x_wconf 88' lang='lat' dir='ltr'>Doetorem</span> <span class='ocrx_word' id='word_1_179' title='bbox 610 2312 800 2375; x_wconf 87' lang='lat' dir='ltr'>etllicariurn</span> <span class='ocrx_word' id='word_1_180' title='bbox 814 2311 870 2372; x_wconf 86' lang='lat' dir='ltr'>llel</span> <span class='ocrx_word' id='word_1_181' title='bbox 893 2311 1017 2390; x_wconf 89' lang='lat' dir='ltr'>accedit,</span> <span class='ocrx_word' id='word_1_182' title='bbox 1042 2315 1222 2378; x_wconf 89' lang='lat' dir='ltr'>utinstrua-</span> 
     </span>
     <span class='ocr_line' id='line_1_22' title="bbox 83 2413 1221 2498; baseline 0.004 -24"><span class='ocrx_word' id='word_1_183' title='bbox 83 2419 150 2490; x_wconf 86' lang='lat' dir='ltr'>tur;</span> <span class='ocrx_word' id='word_1_184' title='bbox 182 2420 271 2495; x_wconf 89' lang='lat' dir='ltr'>atque</span> <span class='ocrx_word' id='word_1_185' title='bbox 302 2415 373 2478; x_wconf 93' lang='lat' dir='ltr'>ideo</span> <span class='ocrx_word' id='word_1_186' title='bbox 404 2417 625 2498; x_wconf 89' lang='lat' dir='ltr'>poenitentibus</span> <span class='ocrx_word' id='word_1_187' title='bbox 633 2462 641 2494; x_wconf 95' lang='lat'>,</span> <span class='ocrx_word' id='word_1_188' title='bbox 674 2419 726 2498; x_wconf 88' lang='lat' dir='ltr'>qui</span> <span class='ocrx_word' id='word_1_189' title='bbox 757 2417 882 2478; x_wconf 88' lang='lat' dir='ltr'>seientia</span> <span class='ocrx_word' id='word_1_190' title='bbox 913 2413 1068 2498; x_wconf 87' lang='lat' dir='ltr'>indigent,</span> <span class='ocrx_word' id='word_1_191' title='bbox 1100 2418 1221 2478; x_wconf 88' lang='lat' dir='ltr'>tenetur</span> 
     </span>
     <span class='ocr_line' id='line_1_23' title="bbox 83 2515 1222 2598; baseline 0.004 -22"><span class='ocrx_word' id='word_1_192' title='bbox 83 2521 242 2579; x_wconf 86' lang='lat' dir='ltr'>veritatem</span> <span class='ocrx_word' id='word_1_193' title='bbox 272 2524 404 2598; x_wconf 82' lang='lat' dir='ltr'>aperire3</span> <span class='ocrx_word' id='word_1_194' title='bbox 442 2539 500 2582; x_wconf 93' lang='lat' dir='ltr'>nec</span> <span class='ocrx_word' id='word_1_195' title='bbox 525 2521 585 2584; x_wconf 93' lang='lat' dir='ltr'>ulla</span> <span class='ocrx_word' id='word_1_196' title='bbox 613 2519 650 2582; x_wconf 91' lang='lat' dir='ltr'>de</span> <span class='ocrx_word' id='word_1_197' title='bbox 679 2535 768 2584; x_wconf 87' lang='lat' dir='ltr'>causa</span> <span class='ocrx_word' id='word_1_198' title='bbox 797 2521 896 2598; x_wconf 90' lang='lat' dir='ltr'>potest</span> <span class='ocrx_word' id='word_1_199' title='bbox 926 2517 963 2578; x_wconf 90' lang='lat' dir='ltr'>ab</span> <span class='ocrx_word' id='word_1_200' title='bbox 995 2536 1031 2580; x_wconf 91' lang='lat' dir='ltr'>ea</span> <span class='ocrx_word' id='word_1_201' title='bbox 1058 2515 1222 2598; x_wconf 88' lang='lat' dir='ltr'>aperienda</span> 
     </span>
     <span class='ocr_line' id='line_1_24' title="bbox 83 2619 1222 2704; baseline -0.001 -24"><span class='ocrx_word' id='word_1_202' title='bbox 83 2625 239 2697; x_wconf 88' lang='lat' dir='ltr'>excusari,</span> <span class='ocrx_word' id='word_1_203' title='bbox 277 2639 344 2682; x_wconf 89' lang='lat' dir='ltr'>cum</span> <span class='ocrx_word' id='word_1_204' title='bbox 374 2623 488 2686; x_wconf 89' lang='lat' dir='ltr'>directe</span> <span class='ocrx_word' id='word_1_205' title='bbox 523 2629 629 2688; x_wconf 85' lang='lat' dir='ltr'>eontra</span> <span class='ocrx_word' id='word_1_206' title='bbox 660 2626 705 2685; x_wconf 91' lang='lat' dir='ltr'>sui</span> <span class='ocrx_word' id='word_1_207' title='bbox 738 2623 894 2684; x_wconf 88' lang='lat' dir='ltr'>ministerii</span> <span class='ocrx_word' id='word_1_208' title='bbox 929 2619 1030 2704; x_wconf 81' lang='lat' dir='ltr'>legem</span> <span class='ocrx_word' id='word_1_209' title='bbox 1065 2624 1222 2700; x_wconf 85' lang='lat' dir='ltr'>peecaret3</span> 
     </span>
     <span class='ocr_line' id='line_1_25' title="bbox 82 2721 1221 2804; baseline -0.002 -19"><span class='ocrx_word' id='word_1_210' title='bbox 82 2741 125 2785; x_wconf 91' lang='lat' dir='ltr'>an</span> <span class='ocrx_word' id='word_1_211' title='bbox 147 2741 231 2802; x_wconf 91' lang='lat' dir='ltr'>vero,</span> <span class='ocrx_word' id='word_1_212' title='bbox 256 2727 280 2786; x_wconf 91' lang='lat' dir='ltr'>si</span> <span class='ocrx_word' id='word_1_213' title='bbox 304 2725 340 2787; x_wconf 89' lang='lat' dir='ltr'>ad</span> <span class='ocrx_word' id='word_1_214' title='bbox 363 2730 463 2788; x_wconf 92' lang='lat' dir='ltr'>omnia</span> <span class='ocrx_word' id='word_1_215' title='bbox 485 2745 519 2790; x_wconf 91' lang='lat' dir='ltr'>sc</span> <span class='ocrx_word' id='word_1_216' title='bbox 541 2725 669 2790; x_wconf 91' lang='lat' dir='ltr'>docilem</span> <span class='ocrx_word' id='word_1_217' title='bbox 699 2723 837 2787; x_wconf 85' lang='lat' dir='ltr'>exhibeat</span> <span class='ocrx_word' id='word_1_218' title='bbox 860 2727 1016 2804; x_wconf 88' lang='lat' dir='ltr'>poenitens</span> <span class='ocrx_word' id='word_1_219' title='bbox 1038 2726 1103 2788; x_wconf 88' lang='lat' dir='ltr'>sive</span> <span class='ocrx_word' id='word_1_220' title='bbox 1125 2721 1221 2785; x_wconf 88' lang='lat' dir='ltr'>malae</span> 
     </span>
     <span class='ocr_line' id='line_1_26' title="bbox 82 2823 1222 2910; baseline 0.003 -25"><span class='ocrx_word' id='word_1_221' title='bbox 82 2829 151 2886; x_wconf 86' lang='lat' dir='ltr'>sive</span> <span class='ocrx_word' id='word_1_222' title='bbox 174 2825 281 2888; x_wconf 88' lang='lat' dir='ltr'>dubiae</span> <span class='ocrx_word' id='word_1_223' title='bbox 296 2827 376 2907; x_wconf 91' lang='lat' dir='ltr'>lidei,</span> <span class='ocrx_word' id='word_1_224' title='bbox 400 2833 499 2890; x_wconf 89' lang='lat' dir='ltr'>statim</span> <span class='ocrx_word' id='word_1_225' title='bbox 515 2829 628 2897; x_wconf 84' lang='lat' dir='ltr'>absolvi</span> <span class='ocrx_word' id='word_1_226' title='bbox 643 2833 747 2910; x_wconf 90' lang='lat' dir='ltr'>possit,</span> <span class='ocrx_word' id='word_1_227' title='bbox 772 2825 900 2890; x_wconf 89' lang='lat' dir='ltr'>allirmat</span> <span class='ocrx_word' id='word_1_228' title='bbox 915 2823 1030 2890; x_wconf 80' lang='lat' dir='ltr'>Moron.</span> <span class='ocrx_word' id='word_1_229' title='bbox 1054 2844 1122 2887; x_wconf 91' lang='lat' dir='ltr'>cum</span> <span class='ocrx_word' id='word_1_230' title='bbox 1138 2825 1204 2888; x_wconf 94' lang='lat' dir='ltr'>aliis</span> <span class='ocrx_word' id='word_1_231' title='bbox 1212 2845 1222 2901; x_wconf 85' lang='lat'><em>3</em></span> 
     </span>
     <span class='ocr_line' id='line_1_27' title="bbox 81 2929 1221 3016; baseline 0.001 -27"><span class='ocrx_word' id='word_1_232' title='bbox 81 2946 190 2990; x_wconf 87' lang='lat' dir='ltr'>verum</span> <span class='ocrx_word' id='word_1_233' title='bbox 214 2947 280 2991; x_wconf 91' lang='lat' dir='ltr'>cum</span> <span class='ocrx_word' id='word_1_234' title='bbox 303 2929 439 2994; x_wconf 86' lang='lat' dir='ltr'>Florinda</span> <span class='ocrx_word' id='word_1_235' title='bbox 462 2937 493 2994; x_wconf 95' lang='lat' dir='ltr'>in</span> <span class='ocrx_word' id='word_1_236' title='bbox 508 2935 645 3016; x_wconf 86' lang='lat' dir='ltr'>proxiata</span> <span class='ocrx_word' id='word_1_237' title='bbox 660 2936 799 2996; x_wconf 84' lang='lat' dir='ltr'>versetur</span> <span class='ocrx_word' id='word_1_238' title='bbox 820 2933 988 3008; x_wconf 89' lang='lat' dir='ltr'>occasione,</span> <span class='ocrx_word' id='word_1_239' title='bbox 1018 2929 1221 2992; x_wconf 83' lang='lat' dir='ltr'>confessarius</span> 
     </span>
     <span class='ocr_line' id='line_1_28' title="bbox 82 3015 1222 3116; baseline 0 -22"><span class='ocrx_word' id='word_1_240' title='bbox 82 3031 216 3114; x_wconf 86' lang='lat' dir='ltr'>prudens</span> <span class='ocrx_word' id='word_1_241' title='bbox 238 3049 309 3112; x_wconf 91' lang='lat' dir='ltr'>prae</span> <span class='ocrx_word' id='word_1_242' title='bbox 333 3036 427 3098; x_wconf 90' lang='lat' dir='ltr'>oculis</span> <span class='ocrx_word' id='word_1_243' title='bbox 449 3035 577 3114; x_wconf 87' lang='lat' dir='ltr'>habehit,</span> <span class='ocrx_word' id='word_1_244' title='bbox 602 3015 679 3116; x_wconf 82' lang='lat' dir='ltr'>quae</span> <span class='ocrx_word' id='word_1_245' title='bbox 701 3053 717 3096; x_wconf 90' lang='lat' dir='ltr'>a</span> <span class='ocrx_word' id='word_1_246' title='bbox 740 3033 907 3098; x_wconf 91' lang='lat' dir='ltr'>sanioribus</span> <span class='ocrx_word' id='word_1_247' title='bbox 923 3032 1084 3116; x_wconf 83' lang='lat' dir='ltr'>Theologis</span> <span class='ocrx_word' id='word_1_248' title='bbox 1106 3030 1222 3096; x_wconf 89' lang='lat' dir='ltr'>dehac</span> 
     </span>
     <span class='ocr_line' id='line_1_29' title="bbox 82 3135 308 3198; baseline 0 0"><span class='ocrx_word' id='word_1_249' title='bbox 82 3154 119 3198; x_wconf 90' lang='lat' dir='ltr'>re</span> <span class='ocrx_word' id='word_1_250' title='bbox 142 3135 308 3198; x_wconf 91' lang='lat' dir='ltr'>traduntur.</span> 
     </span>
    </p>

    <p class='ocr_par' dir='ltr' id='par_1_5' title="bbox 83 3239 1221 3839">
     <span class='ocr_line' id='line_1_30' title="bbox 172 3239 1221 3319; baseline 0.002 -19"><span class='ocrx_word' id='word_1_251' title='bbox 172 3239 338 3304; x_wconf 86' lang='lat' dir='ltr'>Difficultas</span> <span class='ocrx_word' id='word_1_252' title='bbox 368 3245 397 3302; x_wconf 91' lang='lat' dir='ltr'>et</span> <span class='ocrx_word' id='word_1_253' title='bbox 428 3241 524 3304; x_wconf 93' lang='lat' dir='ltr'>nodus</span> <span class='ocrx_word' id='word_1_254' title='bbox 552 3258 619 3304; x_wconf 89' lang='lat' dir='ltr'>esse</span> <span class='ocrx_word' id='word_1_255' title='bbox 642 3239 777 3319; x_wconf 85' lang='lat' dir='ltr'>videtur,</span> <span class='ocrx_word' id='word_1_256' title='bbox 810 3245 835 3304; x_wconf 93' lang='lat' dir='ltr'>si</span> <span class='ocrx_word' id='word_1_257' title='bbox 868 3239 976 3302; x_wconf 92' lang='lat' dir='ltr'>mulier</span> <span class='ocrx_word' id='word_1_258' title='bbox 1001 3246 1033 3304; x_wconf 93' lang='lat' dir='ltr'>in</span> <span class='ocrx_word' id='word_1_259' title='bbox 1062 3239 1221 3303; x_wconf 77' lang='lat' dir='ltr'>bonafide</span> 
     </span>
     <span class='ocr_line' id='line_1_31' title="bbox 83 3339 1220 3426; baseline 0.002 -22"><span class='ocrx_word' id='word_1_260' title='bbox 83 3347 268 3424; x_wconf 80' lang='lat' dir='ltr'>reperiatur3</span> <span class='ocrx_word' id='word_1_261' title='bbox 291 3345 419 3406; x_wconf 87' lang='lat' dir='ltr'>debetne</span> <span class='ocrx_word' id='word_1_262' title='bbox 442 3343 643 3411; x_wconf 79' lang='lat' dir='ltr'>confessarius</span> <span class='ocrx_word' id='word_1_263' title='bbox 661 3348 842 3408; x_wconf 85' lang='lat' dir='ltr'>matrimonii</span> <span class='ocrx_word' id='word_1_264' title='bbox 867 3344 1032 3411; x_wconf 88' lang='lat' dir='ltr'>nullitatem</span> <span class='ocrx_word' id='word_1_265' title='bbox 1052 3339 1220 3426; x_wconf 74' lang='lat' dir='ltr'>detegeret</span> 
     </span>
     <span class='ocr_line' id='line_1_32' title="bbox 83 3439 1219 3534; baseline -0.002 -26"><span class='ocrx_word' id='word_1_266' title='bbox 83 3445 122 3508; x_wconf 90' lang='lat' dir='ltr'>Et</span> <span class='ocrx_word' id='word_1_267' title='bbox 145 3441 283 3526; x_wconf 88' lang='lat' dir='ltr'>quidem,</span> <span class='ocrx_word' id='word_1_268' title='bbox 310 3451 334 3509; x_wconf 91' lang='lat' dir='ltr'>si</span> <span class='ocrx_word' id='word_1_269' title='bbox 358 3447 470 3510; x_wconf 92' lang='lat' dir='ltr'>nullum</span> <span class='ocrx_word' id='word_1_270' title='bbox 494 3439 588 3534; x_wconf 76' lang='lat' dir='ltr'>graie</span> <span class='ocrx_word' id='word_1_271' title='bbox 618 3447 758 3509; x_wconf 90' lang='lat' dir='ltr'>damnum</span> <span class='ocrx_word' id='word_1_272' title='bbox 788 3453 839 3510; x_wconf 87' lang='lat' dir='ltr'>aut</span> <span class='ocrx_word' id='word_1_273' title='bbox 866 3445 1038 3510; x_wconf 89' lang='lat' dir='ltr'>scandalum</span> <span class='ocrx_word' id='word_1_274' title='bbox 1070 3449 1219 3524; x_wconf 89' lang='lat' dir='ltr'>timeatur,</span> 
     </span>
     <span class='ocr_line' id='line_1_33' title="bbox 85 3549 1221 3633; baseline 0.001 -22"><span class='ocrx_word' id='word_1_275' title='bbox 85 3549 186 3612; x_wconf 91' lang='lat' dir='ltr'>nullus</span> <span class='ocrx_word' id='word_1_276' title='bbox 209 3555 299 3633; x_wconf 84' lang='lat' dir='ltr'>negat</span> <span class='ocrx_word' id='word_1_277' title='bbox 321 3549 432 3612; x_wconf 87' lang='lat' dir='ltr'>debere</span> <span class='ocrx_word' id='word_1_278' title='bbox 455 3549 668 3614; x_wconf 79' lang='lat' dir='ltr'>confessarium</span> <span class='ocrx_word' id='word_1_279' title='bbox 691 3568 746 3613; x_wconf 89' lang='lat' dir='ltr'>suo</span> <span class='ocrx_word' id='word_1_280' title='bbox 770 3567 895 3616; x_wconf 88' lang='lat' dir='ltr'>munere</span> <span class='ocrx_word' id='word_1_281' title='bbox 918 3549 1022 3632; x_wconf 86' lang='lat' dir='ltr'>iungi,</span> <span class='ocrx_word' id='word_1_282' title='bbox 1053 3555 1084 3610; x_wconf 90' lang='lat' dir='ltr'>et</span> <span class='ocrx_word' id='word_1_283' title='bbox 1105 3553 1221 3612; x_wconf 90' lang='lat' dir='ltr'>verita-</span> 
     </span>
     <span class='ocr_line' id='line_1_34' title="bbox 85 3645 1221 3734; baseline 0 -20"><span class='ocrx_word' id='word_1_284' title='bbox 85 3661 146 3716; x_wconf 86' lang='lat' dir='ltr'>tem</span> <span class='ocrx_word' id='word_1_285' title='bbox 171 3651 288 3716; x_wconf 89' lang='lat' dir='ltr'>docere.</span> <span class='ocrx_word' id='word_1_286' title='bbox 330 3654 370 3716; x_wconf 84' lang='lat' dir='ltr'>nt</span> <span class='ocrx_word' id='word_1_287' title='bbox 392 3659 416 3716; x_wconf 94' lang='lat' dir='ltr'>si</span> <span class='ocrx_word' id='word_1_288' title='bbox 440 3654 602 3734; x_wconf 92' lang='lat' dir='ltr'>prudenter</span> <span class='ocrx_word' id='word_1_289' title='bbox 624 3645 786 3716; x_wconf 88' lang='lat' dir='ltr'>timeantur</span> <span class='ocrx_word' id='word_1_290' title='bbox 807 3652 962 3732; x_wconf 87' lang='lat' dir='ltr'>scandala,</span> <span class='ocrx_word' id='word_1_291' title='bbox 986 3655 1221 3714; x_wconf 88' lang='lat' dir='ltr'>incontinentiae</span> 
     </span>
     <span class='ocr_line' id='line_1_35' title="bbox 84 3755 786 3839; baseline 0 -21"><span class='ocrx_word' id='word_1_292' title='bbox 84 3755 263 3838; x_wconf 90' lang='lat' dir='ltr'>periculum,</span> <span class='ocrx_word' id='word_1_293' title='bbox 287 3757 365 3834; x_wconf 88' lang='lat' dir='ltr'>odia,</span> <span class='ocrx_word' id='word_1_294' title='bbox 389 3761 484 3838; x_wconf 85' lang='lat' dir='ltr'>rixae,</span> <span class='ocrx_word' id='word_1_295' title='bbox 509 3757 579 3839; x_wconf 87' lang='lat' dir='ltr'>quid</span> <span class='ocrx_word' id='word_1_296' title='bbox 603 3757 786 3820; x_wconf 83' lang='lat' dir='ltr'>dicendum?</span> 
     </span>
    </p>

    <p class='ocr_par' dir='ltr' id='par_1_6' title="bbox 86 3859 1220 4046">
     <span class='ocr_line' id='line_1_36' title="bbox 172 3859 1220 3941; baseline 0.001 -21"><span class='ocrx_word' id='word_1_297' title='bbox 172 3859 369 3941; x_wconf 87' lang='lat' dir='ltr'>Reponimus,</span> <span class='ocrx_word' id='word_1_298' title='bbox 405 3860 619 3924; x_wconf 80' lang='lat' dir='ltr'>confessarium</span> <span class='ocrx_word' id='word_1_299' title='bbox 651 3879 712 3922; x_wconf 93' lang='lat' dir='ltr'>non</span> <span class='ocrx_word' id='word_1_300' title='bbox 747 3859 857 3923; x_wconf 90' lang='lat' dir='ltr'>debere</span> <span class='ocrx_word' id='word_1_301' title='bbox 887 3864 1093 3940; x_wconf 85' lang='lat' dir='ltr'>poenitentem</span> <span class='ocrx_word' id='word_1_302' title='bbox 1121 3863 1154 3920; x_wconf 92' lang='lat' dir='ltr'>in</span> <span class='ocrx_word' id='word_1_303' title='bbox 1183 3877 1220 3921; x_wconf 86' lang='lat' dir='ltr'>eo</span> 
     </span>
     <span class='ocr_line' id='line_1_37' title="bbox 86 3963 1220 4046; baseline 0 -22"><span class='ocrx_word' id='word_1_304' title='bbox 86 3979 158 4027; x_wconf 87' lang='lat' dir='ltr'>casu</span> <span class='ocrx_word' id='word_1_305' title='bbox 180 3963 218 4026; x_wconf 91' lang='lat' dir='ltr'>de</span> <span class='ocrx_word' id='word_1_306' title='bbox 241 3967 423 4028; x_wconf 88' lang='lat' dir='ltr'>matrimonii</span> <span class='ocrx_word' id='word_1_307' title='bbox 449 3967 496 4027; x_wconf 91' lang='lat' dir='ltr'>sui</span> <span class='ocrx_word' id='word_1_308' title='bbox 527 3963 663 4029; x_wconf 90' lang='lat' dir='ltr'>nullitate</span> <span class='ocrx_word' id='word_1_309' title='bbox 683 3963 881 4040; x_wconf 70' lang='lat' dir='ltr'>,ainamma</span> <span class='ocrx_word' id='word_1_310' title='bbox 903 3966 991 4045; x_wconf 72' lang='lat' dir='ltr'>qula,</span> <span class='ocrx_word' id='word_1_311' title='bbox 1022 3963 1170 4046; x_wconf 71' lang='lat' dir='ltr'>quidquidi</span> <span class='ocrx_word' id='word_1_312' title='bbox 1186 3966 1220 4034; x_wconf 84' lang='lat' dir='ltr'>ia</span> 
     </span>
    </p>
   </div>
   <div class='ocr_carea' id='block_1_3' title="bbox 0 0 1372 4660">
    <p class='ocr_par' dir='ltr' id='par_1_7' title="bbox 0 0 1372 4660">
     <span class='ocr_line' id='line_1_38' title="bbox 0 0 1372 4660; baseline 0 0"><span class='ocrx_word' id='word_1_313' title='bbox 0 0 1372 4660; x_wconf 95' lang='lat' dir='ltr'> </span> 
     </span>
    </p>
   </div>
  </div>
 </body>
</html>
