2746 4646
149 185 209 258 132
385 205 422 259 lie
439 203 623 276 impedimentis
642 207 829 258 matrimonium
847 161 1029 258 dirimentibus.

146 384 186 430 ox
202 366 272 449 jore
295 380 354 425 oon
377 366 497 442 scripio,
522 381 608 443 quam
633 369 761 445 scripto,
794 366 863 444 quia
894 367 982 424 etiam
1014 365 1046 423 io
1074 360 1144 442 J'ure
1167 363 1285 440 scripio

145 467 356 532 Ecclesiastico
380 484 438 528 non
469 469 622 528 invenitor
651 473 750 528 textus
778 465 885 548 aliquis
915 469 1119 542 convincens,
1152 479 1193 524 ex
1223 479 1286 544 quo

147 575 323 634 matrimonii
346 569 464 632 uirilitas
487 573 567 630 iuter
589 568 706 631 fidelem
737 573 766 630 ci
795 568 946 630 irridelem
977 575 1080 648 aperte
1109 583 1287 650 cognosca-

145 679 210 750 ior;
232 679 304 754 quin
326 676 425 752 potius
447 677 479 734 iu
497 689 560 753 cop.
579 671 625 734 is.
644 689 731 734 casus
747 668 797 733 28.
810 691 838 752 q.
858 673 882 734 l.
907 688 1003 752 aequo
1018 669 1195 752 prohibetur
1216 687 1286 730 ma·

145 781 316 842 triruonium
340 793 407 837 curn
437 772 614 850 haereticis,
645 793 679 836 ao
702 793 768 836 cunr
797 773 969 836 infidelibus
992 778 1022 835 et
1052 778 1151 837 tamen
1176 774 1287 834 matri-

146 887 277 944 monium
301 897 368 942 cum
392 877 549 941 haereticis
570 893 629 940 non
659 884 801 938 censetor
829 873 980 951 nullum.¹)
1024 875 1073 938 Ab
1093 881 1181 940 iriiiio
1204 879 1287 938 enim

146 988 297 1066 noscentis
335 981 486 1043 Ecclesiae
518 985 690 1060 pracsertim
729 986 785 1040 loro
815 981 923 1042 cllieox
960 985 1056 1066 gratia
1096 988 1126 1041 et
1158 977 1288 1042 affectos

147 1087 184 1150 od
206 1087 295 1149 fidem
326 1088 356 1146 iu
380 1083 517 1146 fidelibus
540 1090 621 1162 erat,
653 1091 684 1145 ui
708 1083 891 1167 formidando
921 1089 1043 1146 minime
1071 1089 1152 1146 esset
1179 1099 1287 1146 eorum

124 1167 318 1270 ¹perronio,
353 1191 424 1268 quin
458 1190 555 1267 potius
593 1187 829 1266 probabilissime
860 1187 1005 1268 speranda
1038 1187 1167 1250 infidelis
1207 1203 1289 1248 con-

142 1293 226 1375 jugis
259 1293 416 1354 conversio
455 1307 494 1350 ox
526 1288 622 1352 frictis
662 1294 831 1365 consortio;
871 1290 948 1354 adde
983 1295 1107 1371 insuper
1137 1293 1168 1350 in
1200 1293 1290 1369 prin·

79 1461 88 1480 .
146 1398 224 1476 cipio
262 1409 401 1476 magnum
440 1390 505 1454 fore
545 1393 696 1473 tranquilli
729 1399 822 1455 statos
861 1395 1044 1475 reipublicae
1081 1392 1288 1472 perturbatio-

145 1514 226 1573 nem,
247 1499 272 1558 sl
295 1493 414 1576 ¹quando
439 1500 519 1558 iunia
541 1501 604 1557 crat
626 1495 789 1558 infidelium
813 1501 909 1577 copia,
941 1497 1009 1558 talia
1033 1497 1173 1578 conjugia
1197 1510 1286 1556 sem-

146 1616 201 1680 per
222 1597 350 1662 fuissent
371 1589 522 1676 invalido;
553 1602 657 1678 postea
685 1606 795 1680 autem,
819 1587 890 1661 'lum
920 1597 1065 1661 charitate
1098 1616 1133 1658 ac
1163 1596 1288 1658 fervore

145 1705 226 1764 inter
247 1699 423 1762 christianos
447 1699 640 1783 frigescente,
670 1707 731 1764 ium
762 1697 933 1765 infidelibus
962 1719 1024 1764 nou
1053 1699 1174 1784 longius
1205 1703 1290 1761 inter

145 1802 250 1866 fideles
272 1807 364 1863 mixto
386 1803 567 1880 viventibus,
592 1809 774 1868 conveniens
798 1809 872 1885 erat,
897 1811 929 1868 ut
950 1803 1118 1887 hujusmodi
1143 1804 1287 1887 conjugia

145 1900 373 1979 irritarentur.²)
419 1904 528 1979 Ouinio
551 1908 672 1970 saeculo
696 1909 857 1993 perleges
879 1913 1109 1989 imperatorum,
1141 1923 1289 1985 praeser-

146 2012 200 2072 tim
223 1995 394 2088 iustiniani,
418 2013 529 2072 irritari
554 2017 735 2092 coeperunt,
766 2017 796 2072 et
819 2009 938 2073 leodem
962 2010 1083 2073 soeculo
1106 2009 1288 2073 duodecimo

145 2109 221 2174 haec
251 2111 437 2175 consuetudo
468 2113 597 2176 obtinuit
627 2131 681 2196 per
715 2117 808 2176 iotam
839 2111 1018 2193 Ecclesiam,
1062 2113 1145 2177 uode
1180 2111 1288 2175 Petrus

145 2213 339 2294 Lombsrdus,
364 2215 462 2280 medio
485 2217 535 2279 illo
558 2217 689 2296 saeculo,
713 2221 743 2278 in
766 2217 814 2280 lib.
839 2222 968 2279 sentent.
992 2216 1040 2282 iv.
1073 2216 1141 2280 disi.
1166 2213 1217 2280 39.
1243 2219 1289 2278 sic

145 2315 245 2380 babel:
269 2315 360 2396 „Post
381 2317 457 2382 haec
479 2318 516 2381 de
539 2319 647 2400 dispari
672 2320 753 2382 cultu
775 2319 938 2382 videndum
961 2327 1026 2383 esis
1049 2319 1124 2382 baec
1142 2325 1189 2383 esi
1203 2323 1288 2382 enlm

144 2439 204 2484 una
226 2419 264 2482 de
286 2424 395 2500 causis,
419 2421 527 2502 quibus
548 2439 695 2502 personae
718 2423 980 2503 illepitmocfiuui
998 2422 1035 2485 ad
1051 2423 1287 2486 contrabendum

146 2525 405 2587 muinmoniurn.“

232 2625 282 2690 iii.
307 2624 380 2688 Corn
404 2631 519 2689 certum
543 2631 592 2707 sit,
615 2627 673 2691 hoo
693 2627 939 2710 impedimentum
963 2648 1083 2693 esseex
1093 2631 1164 2712 jure
1183 2629 1288 2693 eccle-

148 2731 280 2808 siastico,
305 2745 394 2792 nemo
416 2729 548 2810 dubitat,
581 2737 652 2813 quio
685 2729 713 2795 S.
746 2731 881 2795 Pontifex
904 2733 941 2795 de
964 2733 1015 2796 illo
1038 2734 1137 2798 volent
1159 2735 1288 2815 dispeu-

147 2848 223 2910 sare,
248 2835 291 2894 sic
313 2835 423 2910 umen,
448 2840 480 2895 ul
503 2852 569 2896 curu
594 2835 751 2916 probibitio
782 2835 945 2898 descendat
974 2843 1064 2900 elium
1095 2855 1111 2899 a
1137 2839 1207 2918 jure
1231 2855 1288 2900 su·-

147 2937 267 3014 periori,
290 2951 331 2996 so.
355 2937 480 2998 naturali
505 2956 539 3000 ao
562 2938 674 3018 divino,
698 2957 758 3001 noo
781 2939 868 3001 aliter
884 2941 965 3002 licite
981 2940 1172 3018 concedatur,
1196 2957 1287 3020 quam

148 3036 252 3099 eedem
275 3036 398 3113 cautela,
428 3056 503 3118 quac
526 3045 556 3103 io
580 3045 775 3104 oratrimoniis
809 3047 926 3122 mixtis,
959 3048 992 3104 ui
1022 3061 1111 3125 sopra
1143 3045 1286 3118 diximus,

153 3140 343 3220 praecipitur,
367 3147 446 3203 omni
469 3163 537 3206 cum
561 3143 716 3227 prudentia
739 3144 886 3224 adbibita,
927 3152 958 3207 el
990 3151 1167 3230 gravissima
1197 3163 1288 3208 causa

147 3239 338 3324 suffraganis.
384 3241 491 3310 Paulos
521 3245 555 3310 V.
584 3253 698 3330 primus
728 3247 841 3332 legitur
869 3255 1059 3314 concessisse
1092 3269 1132 3312 cx
1164 3248 1289 3330 speciali

147 3341 339 3427 delegatione
372 3343 541 3412 facultatem
574 3351 612 3414 dc
642 3349 699 3415 hoc
729 3351 943 3432 impedimento
975 3351 1164 3434 dispensandi
1197 3356 1288 3414 etiam

174 3563 197 3632 ¹)
215 3561 343 3624 Saocbez,
360 3557 486 3620 Schmin,
507 3555 656 3618 Bellarmin‚
674 3555 803 3610 Benedici.
821 3555 886 3610 iiiii.
912 3567 937 3610 et
960 3557 1084 3628 plerique.
1108 3585 1143 3598 -
1172 3555 1289 3620 „Omnes

216 3665 285 3702 ornos
302 3648 413 3699 sentiunt
431 3645 463 3695 ob
482 3643 563 3695 cultus
582 3645 751 3710 disparitatem
770 3647 837 3696 irrita
857 3647 1013 3696 nrolrimonia
1032 3660 1096 3706 ease,
1116 3659 1167 3694 non
1186 3641 1290 3710 quidem

213 3733 316 3800 jures.
335 3729 483 3790 Curionum,
507 3727 553 3780 red
576 3730 689 3797 generali
708 3729 838 3782 Ecclesiae
856 3745 939 3794 niorc,
963 3731 1021 3798 quia
1048 3711 1161 3796 plofibos
1180 3726 1291 3779 saeculis

217 3825 269 3870 vim
291 3816 354 3884 legis
376 3816 498 3866 oblinct‘.
534 3813 629 3868 Berrsd.
648 3815 711 3867 xiv.
747 3815 890 3886 „Singulari
916 3815 1008 3868 nobin‘
1033 3815 1057 3867 9.
1075 3813 1150 3866 Febr.
1171 3812 1239 3866 irie
1258 3811 1290 3864 ad

220 3900 346 3955 Gurdinai.
364 3899 470 3953 Eborac.

177 3988 200 4057 ⁸)
218 3984 340 4040 Saucbes.
357 3985 375 4046 Ι.
393 4002 417 4038 e.
435 4001 461 4039 n.
481 3985 521 4040 12.
539 3983 684 4053 Beliarmiu,
701 3985 777 4052 nene,
797 3985 895 4056 liuopp.
914 4001 940 4056 p.
960 3985 1017 4040 iio.
