2746 4646
134 149 195 218 134
379 164 415 216 lte
434 162 618 232 impedimentis
637 161 822 216 matrimonium
841 158 1025 215 dirimentibus.

132 327 231 402 ceptio
261 321 413 402 probetur,
435 319 502 382 illos
526 336 586 382 non
609 317 729 400 obligat,
755 337 790 380 ac
812 315 936 396 proinde
950 319 1170 382 matrimonium
1183 322 1277 392 antea

133 425 171 488 ab
194 429 268 505 ipsis
291 427 474 486 contractum
499 421 630 484 validum
654 417 754 496 erat¹).
799 419 834 496 2)
858 420 887 484 Si
912 418 1062 482 dubitetur
1083 438 1123 480 ex
1143 425 1277 500 utraque

136 533 219 608 parte
243 525 281 586 de
303 525 406 588 valore
428 525 565 603 baptismi
588 528 669 586 certe
699 527 828 602 suscepti
841 567 851 598 ,
887 525 1106 600 matrimonium
1139 521 1275 584 validum

139 635 220 700 ¹esset
241 626 419 692 babendum.
467 623 501 702 3)
531 624 561 688 Si
589 625 741 690 dubitetur
769 625 806 686 de
835 629 1026 704 susceptione
1063 625 1201 704 baptismi
1232 643 1273 686 ex

134 749 193 818 una
215 736 310 810 parte,
335 735 365 790 et
388 728 425 790 de
448 727 551 788 valore
577 734 708 808 suscepti
740 727 876 810 baptismi
909 744 948 788 ex
979 727 1083 804 altera,
1115 730 1276 788 matrimo-

134 838 217 896 nium
241 837 322 896 esset
335 829 569 906 revalidandum,
595 829 757 914 etquidem
780 847 834 910 per
846 830 939 893 solam
958 835 1184 892 renovationem
1196 848 1276 906 con-

136 951 255 1014 sensus,
279 938 305 996 si
328 939 409 1017 prior
432 937 673 1006 converteretur;
708 938 738 994 et
771 951 825 1012 per
857 933 1121 1013 dispensationem,
1154 935 1180 992 si
1204 949 1276 1011 pars

135 1041 285 1118 posterior
308 1036 345 1098 ad
367 1035 532 1098 Ecclesiam
556 1034 677 1096 rediret.
696 1071 739 1082 —
759 1035 888 1098 Dissolvi
920 1041 1020 1098 autem
1051 1037 1276 1096 matrimonium

136 1139 235 1220 quoad
257 1138 410 1200 vinculum
434 1157 494 1200 ncn
519 1143 620 1218 posset
642 1137 680 1199 ob
704 1137 825 1200 dubium
850 1137 886 1200 de
905 1139 1047 1221 ligamine
1058 1137 1179 1199 obstans
1196 1154 1276 1200 novc

136 1245 335 1304 matrimonio.
356 1239 452 1316 -,4)
475 1240 505 1303 Si
536 1245 618 1302 certo
655 1245 770 1302 constet
806 1240 843 1302 de
875 1239 1022 1321 baptismo
1053 1239 1142 1301 unius
1170 1243 1277 1318 partis,

137 1345 224 1408 dubia
248 1351 347 1406 antem
370 1347 409 1404 sit
431 1346 582 1422 susceptio
605 1341 742 1424 baptismi
765 1361 803 1404 ex
825 1343 917 1406 altera
937 1349 1030 1423 parte,
1054 1346 1277 1404 matrimonium

137 1446 298 1533 revalidari
322 1445 421 1523 debet,
456 1444 505 1506 vel
535 1463 588 1524 per
617 1450 844 1508 renovationem
877 1463 1052 1522 consensus,
1086 1449 1112 1509 si
1141 1444 1278 1508 secunda

137 1531 206 1630 pars
239 1553 446 1625 convertatur,
479 1548 528 1610 vel
557 1566 611 1628 per
641 1547 912 1627 dispensationem,
944 1552 968 1610 si
999 1551 1093 1628 prima
1122 1547 1157 1608 ad
1186 1545 1278 1608 fidem

138 1657 315 1714 revertatur.

653 1827 680 1894 §.
705 1819 756 1882 37.

449 1977 479 2044 ll.
512 1977 550 2042 lte
576 1978 761 2064 impedimento
791 1977 968 2060 cognationis.

243 2153 270 2221 lt
288 2153 501 2228 cognationis
520 2152 701 2213 naturalis
720 2167 783 2222 seu
801 2151 1120 2226 consanguinitatis.

220 2297 242 2362 i.
267 2298 412 2382 Cognatic
437 2300 578 2363 naturalis
600 2317 655 2388 seu
678 2301 922 2380 consanguinitas
953 2301 999 2357 est
1022 2298 1174 2359 vinculum
1202 2315 1280 2378 per-

135 2416 287 2479 sonarum,
312 2420 389 2483 quae
412 2404 448 2464 ab
472 2402 589 2478 eodem,
613 2418 710 2480 eoque
733 2403 901 2479 propinquo
924 2401 1023 2478 stipite
1047 2418 1100 2479 per
1122 2402 1275 2462 carnalem

135 2507 360 2586 generationem
384 2505 578 2568 descendunt.
624 2502 735 2564 Omnes
758 2505 837 2562 enim
862 2507 969 2583 gentes
995 2509 1172 2585 agnoscunt,
1198 2508 1273 2565 virr-

92 2611 96 2618 '
134 2604 233 2666 culum
256 2605 392 2687 aliquod,
427 2626 461 2668 ac
492 2607 585 2668 veluti
618 2596 784 2667 naturalem
813 2605 1054 2685 conjunctionem
1088 2609 1271 2684 animorum,

43 2767 45 2772 .
134 2723 274 2771 necnon
295 2727 364 2772 raro
388 2709 605 2789 complexionis
628 2713 658 2769 et
681 2727 807 2786 morum,
837 2713 899 2770 imo
923 2715 1135 2786 etcorporum
1158 2709 1272 2770 simili-

133 2808 266 2872 tudinem
287 2815 367 2876 inter
389 2829 441 2874 eas
463 2829 608 2890 personas
630 2811 835 2890 intercedere,
870 2829 948 2891 quae
977 2812 1013 2872 ab
1037 2811 1144 2872 eodem
1167 2815 1271 2890 stipite

133 2928 187 2972 seu
210 2916 403 2994 progenitore
426 2933 523 2996 eoque
546 2919 712 2995 propinquo
737 2917 892 2990 oriuntur3
930 2920 980 2994 qui
1010 2932 1083 2976 vero
1113 2920 1272 2976 aremoto

132 3018 233 3094 stipite
271 3015 467 3096 descendunt,
507 3021 725 3100 consanguinei
759 3022 862 3080 vocari
895 3036 956 3080 non
987 3019 1101 3094 solent3
1135 3017 1270 3100 alioquin

136 3133 241 3184 omnes
263 3117 400 3180 homines
431 3124 510 3182 inter
538 3140 572 3184 se
605 3123 821 3202 consanguinei
844 3129 955 3184 essent.
988 3123 1074 3184 Ratio
1096 3121 1183 3202 hujus
1206 3127 1271 3183 esta

136 3223 206 3300 quia
229 3223 325 3283 virtus
348 3229 521 3303 generativa
544 3242 691 3304 propensa
715 3221 836 3302 quidem
860 3231 907 3288 est
929 3225 966 3288 ad
984 3223 1189 3308 generandum
1211 3223 1270 3292 sibi

109 3322 238 3400 simile,
262 3343 366 3390 verum
400 3343 459 3406 quo
493 3331 589 3412 magis
618 3346 635 3389 a
667 3332 818 3390 communi
848 3333 949 3408 stipite
984 3345 1037 3407 per
1070 3325 1271 3388 succedentes

128 3539 333 3549 ———---.-

155 3662 177 3730 ¹)
194 3663 353 3733 Privilegium
376 3673 461 3716 tamen
481 3665 512 3716 ab
530 3664 578 3732 Ap.
604 3663 615 3715 l
643 3662 700 3716 Gor.
725 3668 804 3731 ipro
831 3666 1008 3716 neoconversir
1034 3664 1219 3734 promulgatum
1245 3667 1269 3716 in

197 3749 245 3800 hoc
264 3767 333 3814 casu,
353 3754 374 3801 si
392 3760 553 3802 convertatur
572 3767 622 3800 nna
642 3766 698 3818 pars
718 3751 748 3800 ad
774 3751 849 3802 iidem
877 3743 1042 3814 catholicam,
1062 3753 1103 3802 vix
1121 3749 1207 3800 locum
1226 3749 1272 3802 ba-

197 3835 276 3899 beret,
295 3834 354 3905 quia
373 3835 420 3888 hoc
440 3833 612 3906 privilegium,
637 3852 694 3888 cunr
714 3837 745 3886 sit
764 3845 849 3888 contra
869 3837 950 3906 legem
971 3837 1092 3899 divinam,
1112 3837 1214 3896 strictae
1233 3839 1272 3886 in·

196 3924 381 3990 terpretationit
401 3939 456 3976 esse
475 3917 563 3974 merito
582 3921 697 3994 liabetur,
716 3931 742 3972 ut
761 3921 866 3974 diximus
885 3927 909 3990 s.
930 3924 971 3976 32.
990 3929 1086 4001 quaest.
1109 3923 1134 3980 5,
1180 3975 1183 3978 ,
