2758 4664
310 227 347 282 De
365 228 551 296 impedimentis
568 231 752 283 matrimonium
771 227 952 282 dirimentibus.
1158 211 1218 282 163

561 387 681 452 Casus
703 385 738 449 ll.

168 495 215 559 tv.
239 496 285 558 Ad
307 495 521 558 incurrendum
544 515 582 560 ex
605 497 662 559 hoo
689 503 784 578 capite
807 497 1053 578 impedimentum
1084 502 1219 562 odndnls

76 603 243 677 requiritur
1224 603 1243 640 '
1289 637 1293 649 ,

111 699 145 775 t)
167 707 200 762 ut
222 701 415 776 adulterium,
445 705 522 762 siout
543 705 576 762 in
599 706 676 764 casu
693 701 909 781 praecedente,
932 708 971 768 sit
992 719 1115 780 oerum,
1145 702 1219 782 for-

165 805 254 879 mate,
267 803 292 879 ¹)
315 810 566 866 consummatum.

104 904 142 980 2)
166 905 206 985 Ut
225 906 303 968 adsit
325 911 485 987 promissio
509 910 691 968 matrimonii
714 911 814 968 animo
837 913 935 985 serio,
963 928 1023 973 non
1047 909 1116 972 liote
1139 909 1216 974 facta

163 1010 201 1071 ab
224 1026 284 1071 uno
308 1010 445 1072 adultero
469 1015 499 1070 et
517 1013 670 1088 acceptata
692 1009 729 1070 ab
745 1010 850 1088 altero,
874 1012 979 1074 saltem
995 1013 1096 1094 aliquo
1114 1017 1214 1096 signo,

165 1115 230 1174 sive
252 1112 326 1176 haee
348 1117 509 1192 promissio
533 1113 691 1175 antecedat
714 1118 779 1175 sive
802 1119 963 1179 comitetur
985 1121 1051 1180 sivo
1072 1121 1216 1196 sequatur

164 1215 353 1291 adulterium,
376 1216 466 1278 modo
488 1220 557 1277 ante
580 1215 757 1278 adulterium
780 1222 940 1282 retractata
964 1234 1025 1280 nou
1047 1217 1154 1298 luerit3
1183 1224 1241 1292 ut„

164 1323 325 1398 promissio
347 1325 386 1382 sit
408 1323 573 1399 reciproca,
593 1319 680 1399 juxta
696 1319 927 1398 probabiliorem
950 1325 1130 1384 sententiam
1154 1339 1213 1384 uon

163 1426 335 1502 requiritur.
345 1419 372 1498 ²)

101 1519 139 1596 3)
163 1523 201 1585 Ut
223 1529 286 1586 tum
309 1530 468 1604 promissio
491 1529 690 1603 matrimonii,
714 1531 775 1586 tum
799 1524 976 1587 adulterium
999 1525 1070 1588 fiant
1091 1531 1214 1588 vivente

162 1631 265 1704 priore
288 1629 437 1710 conjoge,
466 1647 521 1690 seu
544 1627 670 1690 durante
694 1627 801 1689 eodem
824 1632 1025 1691 matrimonio.
1070 1629 1164 1704 Hinc,
1187 1633 1213 1692 si

162 1733 230 1809 quis
247 1728 424 1792 adulterium
448 1736 632 1794 commiserit
655 1732 709 1792 sub
723 1747 783 1792 uno
802 1735 1004 1807 matrimonio,
1023 1731 1090 1794 dein
1104 1731 1214 1795 viduus

163 1831 259 1894 lactus
277 1833 313 1894 ad
331 1833 404 1896 alias
426 1851 529 1896 rursus
554 1838 672 1914 nuptias
694 1837 857 1909 transierit,
883 1839 913 1894 et
934 1833 1071 1896 subistis
1094 1831 1213 1896 demum

161 1939 255 2014 priori
279 1935 431 1998 adulterae
453 1941 626 2016 promiserit
641 1941 862 1998 matrimonium
886 1937 997 2017 absque
1020 1953 1101 1998 novo
1124 1935 1214 1998 adul-

160 2041 250 2116 terio,
276 2037 388 2099 nullum
412 2043 508 2100 oritur
528 2039 791 2118 impedimentum
819 2038 1013 2118 quodetiam
1036 2057 1123 2102 versa
1145 2045 1213 2102 vice

162 2137 253 2217 dieas,
279 2143 304 2201 si
323 2145 483 2220 promissio
506 2141 570 2202 sola
590 2139 666 2203 lacta
684 2146 722 2202 sit
743 2145 849 2219 primo,
873 2146 903 2202 et
921 2140 1100 2204 adulterium
1116 2142 1212 2206 altero

163 2243 218 2305 sub
233 2248 432 2306 matrimonio.
452 2243 534 2304 ldem
551 2261 670 2324 quoque
684 2243 857 2317 tenendum,
871 2243 990 2324 quando
1005 2241 1129 2308 durante
1141 2251 1215 2328 qui-¹

161 2345 229 2407 dem
252 2346 358 2407 eodem
381 2350 572 2408 matrimonio
594 2350 753 2426 promissio
777 2365 811 2407 ao
831 2346 1010 2408 adulterium
1032 2351 1212 2408 intervene-

159 2455 239 2527 runt,
256 2447 309 2509 sed
327 2453 395 2510 ante
406 2454 541 2510 secutum
557 2448 736 2511 adulterium
751 2452 910 2528 promissio
924 2448 1015 2510 fuerit
1029 2447 1211 2524 revocata.³)

546 2581 660 2645 Casus
683 2581 731 2643 lll.

162 2692 196 2758 V.
212 2693 336 2768 Quando
354 2699 479 2757 crindua
495 2693 633 2756 adulterii
653 2701 683 2754 et
698 2693 895 2778 conjugicidii
910 2697 1101 2774 reperiuntur
1115 2699 1208 2774 unita,

69 2816 134 2860 non
158 2802 321 2878 requiritur
344 2803 445 2860 mutua
467 2801 622 2877 utriusque
640 2798 793 2878 complicis
810 2801 992 2878 conspiratio
1010 2796 1047 2860 ad
1065 2799 1210 2882 conjugi-

67 2901 195 2976 cidium,
220 2919 276 2962 nec
299 2905 458 2980 promissio
481 2905 679 2993 matrimonii,
703 2899 757 2964 sed
779 2899 853 2963 haec
876 2897 932 2962 ¹tria
955 2897 1122 2964 sufficiunt:

98 3071 122 3133 ¹)
141 3070 175 3121 tto
192 3070 305 3139 quidem,
323 3080 350 3120 ut
367 3073 392 3120 in
411 3069 527 3136 praeced.
541 3087 566 3120 n.
585 3069 644 3132 dlxi,
663 3087 693 3120 ex
712 3079 817 3138 utraque
836 3079 921 3137 parte;
941 3073 955 3120 i.
969 3086 991 3121 e.
1010 3077 1116 3140 uterque
1134 3068 1209 3120 debet

142 3157 223 3218 scire,
246 3155 351 3208 alterum
370 3169 427 3206 esse
444 3155 614 3224 conjugatum.
653 3157 720 3217 lmo,
744 3171 791 3206 nee
811 3156 918 3217 suffieit,
942 3158 963 3206 si
981 3165 1088 3226 uterque
1112 3156 1210 3207 adulter

142 3244 175 3294 sit
191 3241 358 3310 conjugatus,
376 3249 400 3292 et
417 3244 490 3293 novit
507 3244 637 3308 proprium
655 3241 815 3310 conjugium,
834 3245 855 3300 si
872 3251 956 3315 tamen
975 3245 1100 3310 ignoravit
1116 3242 1208 3305 conju-

141 3335 228 3398 gatum
251 3344 307 3380 esso
331 3327 492 3394 complicem3
517 3329 576 3396 quia
594 3327 799 3394 impedimentum
823 3327 871 3378 hoe
889 3329 1027 3378 institutum
1052 3335 1089 3378 est
1107 3335 1210 3396 propter

109 3414 111 3423 ’
142 3415 262 3481 injuriam
279 3417 416 3484 irrogatam
436 3413 467 3464 ab
485 3421 591 3483 utroque
609 3411 723 3465 adultero
741 3413 824 3464 eidem
843 3415 1014 3476 matrimonio,
1033 3412 1209 3464 committendo

142 3501 264 3553 adversus
279 3499 341 3551 illud
352 3499 499 3551 adulterium
511 3499 570 3550 data
581 3499 630 3552 lide
643 3501 782 3552 lutrrrarum
796 3502 953 3567 nuptiarum;
972 3509 997 3549 at
1011 3502 1037 3550 in
1052 3499 1101 3550 hoc
1115 3506 1209 3550 eventu

141 3588 263 3654 ignorans
280 3601 331 3638 nou
343 3585 417 3636 infert
434 3585 552 3650 iujuriam
568 3587 651 3638 eidem
663 3588 829 3649 matrimonio,
848 3587 892 3636 sed
905 3585 952 3636 soli
966 3587 1075 3652 proprio.
1094 3583 1208 3637 Sanolrea

140 3671 185 3722 lib.
205 3674 227 3722 7.
246 3671 309 3740 disp.
331 3674 369 3723 19.
388 3689 412 3722 tt.
431 3673 473 3724 31.

99 3757 123 3823 ²)
142 3757 265 3819 Sanchez,
280 3757 450 3820 lieilienstuel,
465 3757 613 3826 Schmalng,
632 3773 687 3808 eum
708 3757 833 3826 plerisque
851 3755 1068 3819 eontraBockhn.,
1086 3755 1208 3820 Schmier,

140 3843 254 3906 l'ichler,
273 3842 410 3913 Ugolinus,
428 3843 540 3914 Plrhing.

98 3930 121 3996 ³)
141 3929 257 3982 Boekhu.
275 3929 319 3982 lib.
337 3931 361 3982 4.
381 3931 415 3980 tlt.
436 3933 459 3981 7.
479 3945 503 3982 n.
521 3933 546 3982 4.
573 3931 635 3982 Vide
654 3929 711 3982 Cas.
731 3927 791 3982 ΧΗ.
811 3933 839 3993 1,
858 3933 888 3993 2,
907 3933 929 3982 3.
959 3927 1083 3979 Gonnalez
1101 3925 1133 3976 ad
1149 3942 1207 3994 cap.

140 4015 282 4070 alandt.
302 4034 326 4068 n.
345 4020 369 4070 5.
388 4016 448 4086 Gap.
469 4018 620 4086 significanti
638 4019 659 4069 6.
681 4026 706 4068 et
724 4031 745 4068 c.
763 4016 808 4068 ult.
828 4015 851 4069 h.
869 4018 906 4066 tlt.
936 4083 1001 4149 w
