2758 4664
466 211 503 266 De
521 210 609 266 uacuis
628 211 864 267 mentmonialssros.
1160 199 1223 268 229

115 370 149 452 1)
172 373 304 442 Litterae
339 375 490 456 supplices
519 389 580 435 non
610 373 781 437 immediate
810 371 848 436 ad
877 372 1068 454 Pontificem,
1100 375 1154 439 sed
1186 377 1225 440 ad

171 497 321 543 summum
343 478 623 554 Poenitentiarium,
656 479 706 556 qui
729 493 848 556 semper
880 483 927 540 est
947 477 978 542 S.
1001 477 1036 542 u.
1059 477 1092 543 E.
1116 480 1224 544 Cardi-

173 583 262 664 nalis,
285 583 465 667 diriguntur.

112 681 149 760 2)
171 684 239 747 Non
261 690 470 768 exprimuntur
483 685 686 745 veranomina
704 688 735 744 et
748 686 940 766 cognomina,
963 684 1017 747 sed
1031 683 1107 765 ficta,
1132 703 1179 750 ex.
1191 705 1222 770 g,

171 787 277 868 Titius,
300 789 369 872 CaJa
392 795 449 852 etc.
474 803 530 848 nee
551 802 663 847 nomen
683 785 844 864 dioecesis,
869 792 919 846 eut
942 785 1084 850 domicilii
1106 805 1221 866 eorum,

172 891 225 954 sed
253 890 456 959 tantummodo
486 888 629 950 domicilii
668 889 766 968 illius,
815 893 865 971 qui
893 895 1033 970 procurat
1065 890 1224 972 dispensa-

171 999 293 1060 tionem.

110 1095 146 1178 3)
170 1097 239 1161 Non
267 1105 313 1160 est
345 1099 567 1171 necessarium,
606 1099 775 1177 exprimere
807 1095 932 1178 gradum
965 1102 1220 1180 propinquiorem,

170 1206 226 1264 nisi
248 1206 287 1264 sit
309 1205 431 1282 primus,
457 1203 483 1260 si
505 1203 640 1261 oratores
662 1199 859 1281 inaequaliter
881 1199 999 1274 distent.

110 1302 148 1381 ι1)
171 1305 349 1368 Necessario
379 1301 411 1363 lit
441 1304 552 1363 mentio
585 1300 727 1380 copulae,
759 1307 790 1363 et
821 1320 860 1364 an
897 1307 1030 1367 exercite
1059 1323 1127 1366 cum
1156 1323 1220 1386 spe,

170 1409 287 1472 lucilius
317 1405 471 1470 obtinendi
494 1404 760 1485 dispensationem,
791 1407 822 1464 in
850 1411 982 1486 tentum,
1012 1411 1043 1468 in
1077 1413 1221 1488 quantum

170 1530 259 1594 supra
283 1510 320 1574 do
342 1512 462 1573 Dataria
485 1507 624 1569 diximus.

112 1613 148 1692 5)
172 1613 272 1695 lpsum
295 1621 394 1677 autem
417 1609 661 1692 impedimentum
685 1607 721 1670 in'
745 1614 846 1690 specie
869 1617 915 1673 est
937 1613 1162 1694 exponendum,
1190 1621 1220 1676 et

172 1721 196 1779 si
221 1717 304 1798 plura
327 1717 439 1797 adsint,
464 1717 564 1776 omnia
593 1717 661 1774 sunt
684 1713 875 1794 explicanda,
905 1719 994 1778 etiem
1017 1716 1150 1797 publica,
1182 1717 1219 1781 de
1262 1711 1267 1734 '

170 1819 279 1902 quibus
307 1825 408 1884 tamen
438 1817 621 1897 dispensatio
653 1820 684 1876 in
712 1817 833 1877 Dataria
864 1816 992 1898 petenda
1016 1825 1077 1900 est,
1110 1819 1220 1883 debent

169 1927 316 2004 exprimi,
352 1927 440 2006 quia,
480 1924 505 1982 si
535 1919 645 2000 duplex
674 1919 773 1982 obstet
805 1921 1068 2002 impedimentum,
1107 1922 1220 1987 dillici-

166 2027 224 2090 lius
255 2027 393 2089 concedit
415 2045 439 2088 s.
463 2025 692 2088 Poenitentiaria
725 2027 814 2086 etiam
849 2023 1103 2106 dispensationem
1126 2045 1219 2108 super

168 2129 287 2192 occulto
310 2131 385 2193 solo.

107 2231 144 2310 6)
168 2231 347 2295 Necessario
376 2230 532 2316 alleganda
567 2237 613 2292 est
649 2231 728 2312 justa
762 2246 860 2293 causa.
906 2230 1085 2316 Plerumque
1123 2237 1215 2296 etiam
1244 2285 1245 2288 η

167 2335 306 2398 scandala
328 2342 468 2400 secutura
476 2381 486 2414 ,
510 2337 534 2395 si
558 2334 687 2396 timenda
710 2338 786 2412 sint,
810 2333 848 2396 ob
871 2334 1007 2414 copulam
1030 2337 1218 2416 praeceden-

168 2446 227 2501 tem
250 2438 300 2501 vel
322 2443 412 2501 etiam
435 2439 474 2502 ob
488 2441 711 2500 matrimonium
723 2439 785 2518 Jam
797 2443 992 2516 contractum,
1017 2443 1074 2501 nisi
1090 2439 1215 2522 dispen-

166 2549 261 2622 setur,
276 2531 391 2605 ¹adduci
414 2542 521 2605 solent.

106 2643 144 2723 7)
169 2644 404 2724 Declarandum,
436 2652 536 2708 utrum
565 2648 785 2708 matrimonium
815 2647 853 2706 sit
889 2620 1154 2726 contrahendum,
1175 2667 1214 2712 an

160 2751 224 2832 jam
253 2753 456 2827 contractum,
488 2753 519 2809 et
546 2753 571 2810 si
600 2751 659 2827 ita,
694 2766 765 2810 num
796 2754 981 2811 contractum
1010 2749 1101 2812 fuerit
1127 2752 1214 2834 Juxta

164 2853 291 2916 sormam
314 2851 405 2915 Cone.
428 2853 575 2930 Trident,
599 2849 677 2914 bona
699 2851 748 2912 vel
770 2851 847 2915 mala
869 2851 938 2932 fide,
963 2859 1019 2916 etc.

101 2955 139 3039 8)
164 2956 194 3018 Si
217 2973 295 3018 unus
316 2961 431 3020 tantum
454 2957 617 3038 conjugum
632 2953 730 3016 ¹luerit
751 2955 956 3036 impedimenti
979 2943 1128 3038 conscius,
1151 2976 1213 3022 non

162 3059 261 3138 ambo,
285 3058 337 3120 sed
360 3059 446 3120 sotus
469 3077 539 3120 reus
561 3057 714 3138 supplicet.

100 3161 139 3240 9)
164 3161 351 3241 Addendum,
370 3160 660 3244 animpedimentum
677 3161 765 3224 modo
783 3166 901 3246 utrique
911 3164 1032 3248 conjugi
1051 3169 1089 3226 sit
1099 3171 1210 3229 notum.

86 3263 141 3345 10)
165 3265 214 3327 An
237 3265 336 3345 proles
359 3271 511 3346 suscepta,
540 3271 571 3326 et
599 3284 698 3346 aquo
722 3273 856 3348 tempore
880 3271 938 3329 sint
960 3271 991 3328 in
1015 3257 1211 3331 matrimonio.

84 3367 140 3444 11)
164 3367 210 3430 De
232 3367 358 3450 singulis
381 3367 602 3448 impedimentis
621 3370 810 3449 particularia
832 3376 902 3432 sunt
925 3370 1113 3450 exponenda,
1135 3375 1212 3432 sicut

163 3488 253 3550 supra
275 3474 306 3530 in
330 3471 547 3552 supplicatione
569 3471 605 3533 ad
629 3473 788 3536 Datariam.

83 3573 139 3652 12)
162 3573 277 3652 Locus,
314 3573 351 3635 ad
386 3594 475 3658 quem
509 3593 687 3658 responsum
717 3577 926 3660 dirigendum,
964 3576 1044 3638 olere
1073 3575 1211 3640 indican-

162 3675 218 3738 dus
241 3680 288 3738 est
297 3673 335 3753 ¹).

73 3798 282 3810 υνυ--υ-

100 3831 123 3899 ¹)
142 3830 168 3883 Si
187 3833 278 3897 petitur
295 3829 449 3898 dispensatio
467 3834 493 3883 in
511 3832 566 3886 loro
584 3837 682 3886 interno
706 3833 737 3885 ab
756 3833 892 3902 Episcopo,
912 3851 962 3886 non
979 3833 1142 3886 indicandum
1160 3843 1207 3901 est,

144 3933 177 3968 an
197 3924 311 3968 oratores
328 3919 485 3986 parochiani
501 3925 560 3986 aiut,
587 3935 683 3990 necue3
707 3921 869 3994 praesertim,
893 3921 914 3970 ai
931 3920 1136 3998 impedimentum
1153 3936 1210 3978 um·

146 4005 207 4061 aino
225 4005 258 4059 ait
276 4004 410 4062 occultum.
