2764 4664
192 106 266 172 322'
611 117 691 172 cem·
710 49 915 172 matrimoniales.

281 277 393 342 Eadem
417 275 445 342 S.
470 275 564 361 (long.
587 275 625 338 de
638 275 722 356 Prop.
748 275 777 338 F.
801 293 864 338 rem
880 279 941 336 tam
954 291 1077 357 gravem
1099 293 1155 356 pro
1180 275 1329 336 decisione

195 387 309 446 remisit
331 381 400 442 huic
422 377 451 442 S.
477 381 509 440 0.

276 485 359 546 Duae
382 487 496 563 princip
508 481 569 544 ales
584 485 777 561 quaestiones
789 480 930 541 videntur
952 481 1169 542 examinandae
1194 485 1225 540 in
1244 497 1327 560 prae-

156 619 157 622 *
191 591 268 654 senti
292 605 374 662 casu,
398 586 492 648 altera
519 601 645 664 nempe,
670 603 706 645 au
729 587 856 664 primum
883 588 1102 646 matrimonium
1126 587 1166 644 sit
1191 583 1327 648 validum.

134 743 138 760 ,
191 689 249 752 alia
270 705 354 764 vero,
379 705 417 750 an
440 687 507 750 data
532 687 613 748 illius
634 686 788 748 validitate
811 693 918 769 urgeat
940 705 1028 750 causa
1052 705 1105 768 pru
1129 685 1328 765 dispensando

191 809 281 876 super
303 791 421 869 eodem,
447 789 528 871 quud
551 793 726 870 supponitur
748 793 843 850 ratum
867 794 897 848 et
921 805 980 850 non
1003 793 1254 850 consummatum.

223 953 225 961 .
276 892 379 968 Quoad
402 897 546 974 primam,
569 896 644 954 ratio
667 891 820 956 dubitandi
844 895 939 952 uritur
960 873 1000 952 en
1022 907 1077 968 eo,
1100 891 1182 970 quod
1205 909 1331 972 sponsus

191 1002 308 1072 asserit,
333 1014 365 1058 se
389 998 482 1060 luisse
506 994 675 1074 deceptum,
700 1013 840 1056 necuere
862 997 1053 1056 consensisse
1076 997 1107 1054 in
1132 993 1331 1056 lacieEccle-

190 1107 255 1164 siae
277 1117 378 1162 coram
398 1097 537 1179 parocho,
562 1096 615 1164 sed
639 1096 707 1158 licta
730 1103 760 1157 et
777 1097 927 1175 simulate,
949 1113 1117 1174 superque,
1142 1097 1213 1158 lieet
1229 1115 1331 1158 verum

190 1208 247 1278 sit,
280 1201 360 1284 qnod
382 1219 436 1282 per
456 1201 558 1268 lictum
582 1217 762 1262 consensum
786 1203 874 1262 unlus
896 1199 934 1260 de
957 1199 1202 1261 contrahentibus
1228 1203 1332 1258 matri-

191 1311 323 1371 monium
347 1309 386 1366 sit
417 1307 497 1368 cnnni
520 1304 590 1384 jure
621 1305 755 1379 irritum,
785 1301 841 1363 lmc
869 1307 973 1384 ¹tamen
1004 1319 1065 1364 non
1087 1300 1243 1382 procedit,
1278 1306 1330 1360 nisi

190 1412 343 1472 concurrit
365 1413 395 1470 et
418 1406 505 1486 plene
536 1405 677 1485 probatur
698 1423 788 1468 causa
812 1403 987 1482 simulandi,
1021 1423 1056 1465 ac
1084 1405 1183 1466 adsint
1206 1405 1332 1482 conpec-

187 1517 273 1574 turae
294 1517 326 1570 et
346 1513 588 1574 circumstantiae
610 1507 830 1570 simulationem
853 1506 1029 1584 suadentes,
1061 1513 1148 1587 prout
1178 1511 1209 1566 in
1234 1505 1330 1567 llluti-

188 1629 280 1690 aeon,
323 1611 434 1674 dte-4.
465 1611 546 1674 Junii
581 1610 680 1686 1725,
709 1614 742 1672 in
773 1628 830 1690 qua
860 1609 933 1672 haec
963 1608 992 1671 S.
1024 1609 1054 1674 C.
1091 1609 1250 1688 respondit
1280 1627 1331 1688 pru

188 1715 332 1792 nullitate,
359 1718 429 1794 quia
446 1712 659 1776 concludenter
682 1713 802 1792 probata
823 1712 878 1774 init
893 1731 981 1776 causa
998 1711 1173 1789 simulandi,
1198 1719 1230 1772 et
1254 1729 1332 1774 conn-

188 1818 348 1880 uurrebant
359 1820 590 1899 urgentissimae
601 1817 794 1896 curnjecturne
809 1817 1031 1876 simulationem
1044 1833 1114 1894 prae
1129 1833 1162 1876 se
1184 1816 1332 1876 ferentes.

272 1919 309 1978 ln
337 1922 485 1999 praesenti
508 1936 581 1980 vero
604 1923 651 1980 vir
677 1918 852 1998 simpliciter
874 1921 1004 1994 asserit,
1036 1933 1070 1978 se
1100 1917 1194 1978 luisse
1218 1917 1335 1998 decep-

194 2027 268 2100 tum,
290 2039 324 2082 ac
346 2037 406 2082 non
422 2017 562 2082 habuisse
585 2023 717 2106 aninrum
734 2037 767 2082 se
784 2020 935 2104 obligandi
942 2040 951 2096 ;
976 2038 1036 2080 non
1052 2020 1205 2102 specificat
1221 2027 1333 2090 tamen,

195 2129 355 2204 minusque
378 2123 499 2204 probat,
529 2139 677 2204 quaenam
691 2123 791 2206 ,l'uerit
812 2142 901 2186 causa
923 2123 1108 2204 deceptionis
1132 2172 1139 2186 .
1164 2171 1171 2183 .
1199 2169 1206 2182 .
1232 2171 1239 2184 .
1265 2123 1333 2184 irinc

192 2226 290 2288 cidem
313 2230 458 2288 asserenti
489 2225 571 2287 nullo
595 2224 684 2288 modo
708 2225 902 2288 deserendum
925 2231 1008 2288 venit
1036 2231 1067 2288 in
1097 2226 1163 2289 loro
1191 2232 1332 2300 externo,

188 2333 303 2410 etiamsi
324 2329 421 2392 medio
441 2331 612 2413 Juramentc
632 2327 664 2414 id
677 2326 849 2408 allirmaret,
873 2347 939 2392 uum
957 2330 1149 2392 verisimilius
1172 2333 1223 2406 sit,
1244 2328 1333 2390 modu

188 2436 319 2510 mentiri,
344 2450 432 2512 quam
454 2437 486 2492 in
509 2437 664 2494 contractu
687 2433 852 2512 principali.
1361 2495 1362 2508 χ

272 2533 309 2596 Et
332 2539 467 2616 quamvis
484 2533 630 2616 'theologi
654 2539 799 2610 asserant,
824 2551 913 2614 posse
930 2553 969 2596 ex
987 2533 1222 2596 circumstantiis
1241 2540 1333 2598 ente·
1361 2509 1362 2572 l

189 2637 375 2714 cedentibus,
398 2635 666 2701 concomitantibus
682 2637 729 2698 vel
751 2637 1001 2716 subsequentibus
1023 2638 1142 2717 probari
1156 2638 1331 2698 simulatum

189 2761 244 2804 seu
265 2740 402 2804 fictitium
424 2743 553 2802 animum
577 2737 833 2818 contrahentium,
857 2745 946 2802 etiam
969 2745 1035 2802 sine
1058 2739 1116 2800 ulla
1135 2740 1331 2820 praecedenti

187 2863 276 2930 causa
314 2843 529 2920 simulationis,
567 2845 808 2920 circumstantiae
844 2849 941 2904 tamen
975 2849 1005 2904 in
1038 2861 1129 2904 sensu
1162 2843 1331 2906 eorundem

187 2947 298 3010 debent
327 2963 396 3010 esse
424 2945 499 3008 adeo
531 2949 684 3024 praecisae
715 2950 746 3005 et
778 2954 938 3028 urgentes,
971 2955 1002 3008 ut
1029 2951 1142 3008 certum
1175 2946 1332 3008 moraliter

188 3047 348 3139 redderent
366 3047 500 3129 judicem
523 3045 612 3129 hujus
635 3046 696 3110 ficti
719 3065 895 3112 consensus

274 3150 354 3218 luter
381 3155 498 3212 ceteras
516 3151 704 3240 conjecturas
727 3155 757 3210 et
779 3155 1018 3214 circumstantias
1049 3151 1126 3212 lnuoc
1155 3152 1331 3212 simulatum

190 3273 372 3329 conusensum
394 3250 558 3316 efficaciter
579 3253 836 3342 demonstrantes,
867 3272 901 3316 eu
924 3254 960 3316 ad
982 3260 1116 3316 nostrum
1141 3259 1330 3332 propositum

192 3367 367 3437 recensetur
389 3379 406 3421 a
431 3357 609 3440 theologis,
638 3357 757 3438 quando
786 3375 827 3420 sc.
860 3361 903 3420 nir
932 3357 1011 3418 illico
1040 3361 1071 3416 et
1098 3360 1129 3416 in
1158 3361 1331 3418 continenti

189 3445 255 3544 post
277 3467 461 3524 contractum
478 3461 698 3524 ornatrimonium
721 3464 851 3522 animum
875 3478 962 3521 suum
979 3464 1084 3540 aperit,
1108 3475 1142 3520 se
1159 3457 1232 3519 ficte
1251 3479 1331 3520 cunn—

188 3569 336 3642 sensisse,
362 3564 411 3625 vel
433 3564 535 3639 t'actis,
557 3567 657 3624 statim
672 3579 788 3642 ¹nernnpe
810 3561 971 3646 lugiendo,
996 3562 1043 3624 vel
1067 3561 1181 3640 verbis,
1213 3562 1246 3624 id
1270 3583 1331 3624 ex-

188 3650 292 3754 presse
330 3665 466 3740 latendu,
500 3671 531 3724 et
563 3666 685 3730 insimul
713 3664 795 3726 aliud
813 3669 1045 3728 matrimonium
1077 3670 1177 3743 ineat,
1209 3672 1263 3726 aut
1292 3666 1330 3726 ad

187 3772 366 3852 religionem
391 3772 538 3844 transeat,
573 3767 621 3827 vel
643 3771 674 3830 in
697 3766 825 3834 Ordines
847 3786 950 3830 sacros
970 3787 1003 3830 se
1025 3770 1198 3848 promoueri
1221 3768 1314 3830 iaciat
1320 3785 1330 3846 3

189 3889 255 3930 cum
278 3852 527 3949 praesumendum
549 3886 610 3930 non
633 3853 689 3946 sit,
712 3888 764 3948 se,
780 3853 910 3934 ¹⁴si'verc
932 3873 1151 3946 consensisset,
1180 3876 1244 3932 tum
1268 3876 1328 3934 cito
1360 3913 1362 3952 4
