2736 4660
149 263 214 332 404
627 277 819 334 samaram.

150 457 207 520 qua
230 441 325 522 gratia
349 440 461 522 gratias
485 441 629 499 maximas
651 441 723 520 aget
744 453 798 513 ea,
827 453 887 516 qua
918 452 972 516 par
992 439 1040 496 est
1061 424 1238 496 reverentia*
1259 437 1290 493 et

150 541 312 606 dovotione
559 539 720 602 'Sanctitatt
744 533 871 602 Vestrae

192 643 301 708 Datum
323 642 358 708 N.
380 641 417 708 N.
440 661 465 708 a.
492 641 562 710 18.
586 691 592 706 .
660 733 663 740 .
965 641 1221 804 mbmllgsislgimns

970 843 1118 930 parochus
1140 843 1176 908 N.
1202 896 1208 908 .
1236 892 1244 905 .

425 1013 439 1038 ·
493 993 539 1058 tt)
556 987 611 1048 Ad
627 987 945 1052 Poenitantiariem

202 1110 445 1172 Eminenttestma
462 1127 499 1170 ac
517 1107 783 1172 Reuerendtsslme
807 1107 842 1170 Ι).
858 1107 892 1172 l).
907 1107 936 1172 S.
951 1108 985 1172 it
1001 1106 1033 1170 F.
1054 1105 1235 1170 Oardinalis!

233 1211 400 1292 Exponttur
421 1209 583 1272 humillime
598 1210 784 1274 Eminentius
799 1210 922 1274 Vestrae
944 1229 998 1292 pro
1021 1216 1106 1291 parte
1128 1215 1286 1272 oratorum
1362 1230 1363 1268 t

150 1317 216 1380 'lttti
241 1321 271 1376 et
287 1313 377 1396 Cajae
400 1313 554 1392 laicorum,
576 1313 657 1394 quod
680 1318 901 1376 matrimonium
921 1311 1101 1376 contrahere
1116 1311 1288 1385 intendant,

147 1418 201 1480 sed
224 1416 304 1499 quod
327 1415 423 1478 l'lttue
445 1416 623 1496 conjugatus
645 1415 757 1497 Cajnm,
780 1420 903 1478 vivente
924 1413 1021 1476 adhuc
1044 1418 1162 1494 propria
1186 1432 1288 1476 uxore

147 1522 334 1600 Sempronia,
356 1517 517 1581 carnaliter
534 1523 712 1602 cognoverit
728 1520 835 1598 copula
853 1507 995 1598 perlecta,
1018 1517 1136 1596 sibique
1150 1521 1287 1578 invicem

148 1622 236 1686 tidem
259 1621 397 1684 dederint
419 1619 457 1680 de
480 1623 667 1684 matrimonio
689 1625 770 1684 inter
792 1639 825 1682 sa
847 1617 1061 1696 contmhendo,
1087 1623 1114 1680 st
1136 1615 1287 1698 Sempro-

147 1728 196 1788 nia
215 1739 293 1786 uxor
307 1722 376 1784 'litii
395 1727 646 1802 praemoreretur,
664 1741 742 1804 quae
756 1727 846 1786 etlam
864 1739 1081 1802 perveneram
1101 1739 1155 1802 per
1172 1721 1286 1784 Titium

145 1831 330 1908 propinatum
354 1830 543 1905 praemortua
564 1831 618 1890 est.
664 1826 738 1888 Cum
760 1832 859 1888 autem
883 1842 922 1886 cx
945 1828 1115 1906 praemissis
1146 1824 1287 1903 impedi-

145 1933 276 2015 mentum
298 1930 433 1990 criminis
454 1931 493 1989 stt
515 1933 665 2006 exortum,
688 1933 719 1990 et
740 1927 851 1994 exinde
868 1931 1088 1990 matrimonium
1112 1944 1169 1988 nec
1184 1926 1286 2004 licite,

144 2047 201 2092 nee
216 2029 314 2092 valido
335 2028 513 2092 eontmlrerc
536 2035 660 2110 possint,
684 2031 851 2110 supplicant
867 2037 1004 2092 oratores
1027 2046 1081 2108 pro
1095 2032 1190 2111 gratia
1210 2028 1287 2090 dis-

144 2134 327 2211 pensationis
349 2147 439 2213 super
459 2135 518 2196 isto
532 2132 758 2212 impedimento
782 2137 941 2212 criminis,
963 2148 1024 2211 quo
1051 2149 1111 2194 non
1139 2131 1285 2194 obstante

144 2232 260 2320 publice
294 2239 412 2298 servata
445 2234 548 2321 torma¹
572 2235 683 2298 conon
716 2233 847 2298 tndem.
879 2237 1100 2296 matrimonium
1133 2238 1212 2295 inter
1247 2252 1285 2295 se

143 2333 340 2414 contrahere,
373 2343 403 2398 et
424 2340 455 2398 in
479 2354 516 2399 co
539 2337 727 2416 postmodum
758 2337 839 2400 licite
862 2342 892 2398 et
921 2335 1015 2397 libere
1038 2353 1194 2398 remanere
1218 2354 1285 2397 va-

142 2437 239 2518 leant,
278 2439 452 2520 prolemque
483 2439 649 2522 legitimam
680 2439 889 2514 decernendo,
928 2443 996 2522 quia
1030 2439 1283 2519 impedimentum

141 2544 262 2603 omnino
291 2541 440 2603 occultum
470 2547 531 2618 est,
563 2546 593 2602 et
615 2547 705 2628 urget
733 2547 957 2623 perseverantia
979 2546 1011 2604 in
1035 2547 1171 2621 peceato,
1200 2546 1282 2619 quin

141 2649 228 2706 ctiam
242 2643 410 2706 scandalum
429 2660 532 2726 grava,
556 2647 581 2704 si
598 2649 787 2710 matrimonio
805 2645 940 2728 legitimo
961 2643 1094 2724 copulari
1113 2648 1282 2724 nequeant.

140 2745 237 2818 Quare
260 2763 313 2826 pro
333 2748 433 2825 quiete
456 2749 658 2808 conscientiae
680 2765 764 2827 suae,
788 2747 826 2808 de
843 2749 1015 2828 praemissis
1036 2763 1151 2808 summe
1166 2743 1285 2807 dolen-

139 2854 201 2926 tes,
236 2845 423 2908 Eminentiae
448 2843 572 2909 Vestrae
603 2847 755 2911 hunriliter
783 2849 971 2931 supplicant,
1005 2853 1037 2909 ut
1059 2845 1218 2927 superbis
1244 2847 1286 2909 de

138 2953 306 3030 opportuno
318 2948 453 3012 remedio
474 2955 649 3014 auctoritate
661 2952 824 3032 apostolica
838 2949 996 3034 providere
1013 2951 1162 3034 dignetur.
1180 2947 1283 3022 Quam

138 3053 263 3134 gratiam
287 3051 419 3114 studebit
441 3057 504 3116 suis
526 3053 563 3116 ad
587 3039 682 3116 Deum
707 3055 846 3135 precibus
870 3071 924 3136 pro
948 3052 1082 3134 possibili
1104 3050 1259 3115 demereri

549 3178 736 3246 Eminentius
760 3179 884 3246 Vestrae

212 3305 362 3388 Dignatur
395 3309 493 3368 autam
517 3305 686 3370 Eminentia
979 3307 1233 3372 submississimus

134 3405 241 3471 Vestra
265 3425 442 3489 responsum
467 3406 598 3492 dirigere
615 3409 684 3472 lde-
1047 3409 1083 3476 N.
1107 3409 1142 3474 N.

134 3507 281 3587 namium,
305 3510 343 3573 ad
368 3529 417 3574 me
438 3511 516 3574 inira
529 3516 681 3593 seriptum.

207 3611 358 3677 'Exterlus
382 3620 538 3696 postquam
558 3618 691 3696 signavit
707 3615 875 3695 epistolam,
897 3617 1120 3696 inscriptionem
1137 3619 1185 3678 sic
1203 3615 1276 3678 lor-

134 3721 212 3778 met:
243 3714 490 3780 Eminenttssimo
513 3723 546 3780 et
568 3715 834 3782 Reverendissimo
857 3717 892 3780 D.
912 3716 947 3780 D.
966 3715 997 3780 S.
1013 3715 1047 3780 ll.
1064 3716 1097 3782 E.
1122 3715 1275 3782 Cardinali

132 3817 236 3898 ltajort
260 3816 512 3898 Paenitentiam,
535 3819 658 3888 Romae.

213 3917 273 3982 NB.
316 3920 346 3983 Si
372 3925 438 4003 ipse
470 3921 678 3988 Gonlcssarius
701 3923 777 3984 nolit
805 3923 939 3986 sedbere
971 3921 1095 3986 Romam
1126 3939 1181 4002 pro
1204 3921 1270 3986 dis-

132 4026 324 4108 pensatione,
354 4024 440 4088 istud
458 4028 590 4093 cantatis
614 4025 797 4111 ciseqmmn
820 4030 940 4110 petala
967 4024 1089 4092 vicano
1117 4023 1269 4110 Generali,
