2746 4646
193 211 252 291 lli
434 237 471 292 Da'
488 224 674 308 impedimentis
693 239 880 291 matrimonium
899 221 1099 292 dirimentibus·

188 403 220 462 iu
241 393 387 460 1100110110
409 381 732 481 consanguinitatis‘et
754 394 908 460 allinltatis
932 379 1091 480 gradibus,
1123 399 1174 476 qui
1197 393 1343 456 Levitico

193 505 395 579 continentur,
421 517 511 580 posse
534 500 718 581 dispensare.

278 617 326 684 Vl.
351 619 474 684 Constat
494 625 576 683 inter
598 637 712 699 000003,
735 619 980 701 impedimentum
1004 637 1043 680 cx
1066 621 1342 703 consanguinitate

189 729 220 787 10
242 724 322 787 linea
351 729 523 787 transversa
556 729 657 786 oriens
689 723 782 785 inisse
814 723 953 786 diversae
983 727 1173 790 extensionis
1203 723 1341 784 diversis

191 827 376 907 temporibus
406 831 438 888 ln
459 825 613 903 Ecclesia3
641 832 674 888 in
697 831 801 907 primis
824 827 952 889 saeculis
975 825 1109 889 Ecclesia
1142 829 1343 909 consangui-

191 935 294 992 nitatis
325 929 572 1010 impedimentum
611 947 672 991 nun
708 927 881 991 extendisse
912 928 1030 990 videtur
1066 929 1142 991 ultra
1174 929 1294 1013 gradus
1326 949 1344 990 a

190 1025 308 1116 legibus
336 1031 475 1095 civilibus
497 1031 656 1112 praelixas.
702 1031 734 1093 ld
767 1049 827 1094 non
851 1030 979 1094 obscure
1005 1035 1103 1094 100011
1125 1031 1154 1095 S.
1179 1035 1344 1116 Augusti-

191 1143 247 1198 nus
270 1133 320 1199 lib.
351 1133 396 1199 r5.
421 1133 458 1196 de
481 1141 553 1198 cert.
578 1133 649 1198 Dec.
674 1155 698 1198 c.
726 1131 774 1199 16.
798 1135 951 1198 scribens:
977 1140 1093 1215 experti
1115 1141 1205 1198 etiam
1231 1154 1343 1197 sumus

189 1243 220 1302 iu
243 1238 400 1301 connubiis
423 1235 671 1300 consobrinarum
679 1257 687 1313 ;
721 1243 811 1302 etiam
836 1243 947 1300 nostris
970 1239 1154 1317 temporibus
1180 1257 1236 1319 per
1259 1257 1342 1322 gra-

190 1341 259 1404 dum
282 1343 514 1422 propinquitatis
544 1337 677 1402 fraterno
710 1341 816 1424 gradui
840 1345 1027 1420 proximum,
1063 1359 1150 1422 quani
1183 1357 1255 1403 raro
1282 1357 1341 1420 per

159 1425 163 1434 ’
192 1461 292 1507 mores
314 1443 418 1522 fiebat,
449 1442 529 1522 quud
559 1439 624 1504 lieri
652 1463 711 1524 per
733 1445 814 1525 lepor
838 1443 963 1520 licebat,
998 1447 1067 1522 quia
1096 1443 1126 1506 id
1152 1461 1208 1506 nec
1233 1443 1345 1506 divina

190 1549 241 1610 lex
262 1545 424 1629 probibuit,
449 1550 479 1607 et
501 1547 635 1608 noudum
647 1547 851 1626 prohibuerat
874 1549 925 1608 lca
948 1547 1091 1608 bumana.
1123 1545 1210 1620 Quod
1234 1553 1345 1608 autem

191 1651 270 1713 dicat
292 1649 320 1714 S.
344 1648 546 1732 Augustinus:
568 1647 735 1727 „nondum
766 1641 956 1730 prohibuerat
986 1651 1036 1712 lex
1063 1649 1217 1712 bumaua“
1241 1647 1347 1711 relle-

191 1745 274 1816 idsse
296 1753 415 1814 videtur
437 1751 473 1813 ad
496 1751 596 1834 legem
620 1771 636 1813 u
660 1751 828 1816 Theodosio
852 1751 890 1814 M.
913 1771 938 1815 a.
964 1749 1035 1816 390.
1060 1753 1164 1832 latam,
1190 1771 1231 1814 00
1253 1758 1347 1815 inter

190 1855 391 1919 consobrinos
423 1852 465 1931 (h.
497 1873 524 1917 e.
555 1858 587 1916 10
622 1849 754 1917 3000060
793 1855 902 1938 gradu)
936 1859 1088 1917 inirentur
1128 1861 1343 1936 matrimonia,

192 1956 858 2044 001031ος130101010116.Αο10031031111.
882 1955 912 2022 8.
936 1977 981 2038 ep.
1006 1957 1056 2021 66.
1100 1957 1200 2037 „Nam
1225 1960 1341 2022 Theo-

167 2061 295 2150 603103
325 2065 488 2142 imperatur
519 2065 608 2122 etiam
638 2047 788 2139 patrueles
812 2057 920 2121 fratres
951 2067 981 2121 et
1010 2062 1213 2124 consobrinus
1237 2069 1345 2125 vetuit

190 2157 271 2228 luter
302 2181 335 2227 se
366 2163 500 2246 conjugii
530 2167 694 2224 convenire
718 2168 855 2241 numine,
892 2169 921 2222 et
948 2169 1170 2228 severissimum
1203 2183 1345 2244 poenam

192 2272 314 2343 Statuit,
343 2272 369 2329 si
404 2271 472 2348 quis
501 2271 649 2328 temerare
679 2283 768 2328 ausus
801 2273 881 2329 esset
912 2265 1037 2329 fratrum
1066 2271 1115 2346 pia
1143 2268 1345 2351 pignora¹)“

191 2371 277 2436 Unde
307 2376 441 2452 apparet,
472 2376 541 2451 ante
570 2366 669 2452 legem
691 2369 930 2432 theodosianam
961 2375 1149 2433 matrimonia
1180 2377 1277 2435 etiam
1313 2379 1346 2434 in

191 2468 324 2539 Ι3000060
347 2473 442 2558 gradu
454 2471 570 2554 aequali
592 2489 653 2533 non
671 2471 764 2534 fuisse
786 2471 927 2552 invalida,
952 2479 1088 2554 quamvis
1110 2475 1215 2536 illicita
1223 2494 1233 2550 ;
1258 2476 1344 2556 dixi,

192 2579 324 2660 aequali3
356 2579 426 2657 qula
458 2579 490 2636 iu
522 2573 618 2658 gradu
648 2573 783 2637 3000060
816 2579 942 2656 primurn
974 2581 1117 2660 tangente
1144 2579 1206 2658 jam
1247 2585 1345 2642 antea

107 2689 113 2697 '
192 2679 286 2744 luisse
307 2682 423 2743 irritata
452 2678 520 2761 lege
547 2677 646 2758 civili,
677 2683 757 2758 patet
794 2697 834 2739 ex
855 2678 950 2740 lnstit.
973 2677 1073 2742 Justin
1098 2677 1119 2740 1.
1142 2697 1206 2742 300.
1230 2679 1343 2745 Justas

192 2785 220 2859 i.
243 2781 324 2858 61.
347 2782 376 2845 5.
401 2779 439 2842 de
469 2783 595 2861 nuptiis,
620 2779 641 2842 l.
668 2778 734 2860 10,
768 2779 818 2843 ubi
848 2782 978 2867 legitur:
1009 2781 1145 2862 „Fratris
1175 2801 1252 2844 vero
1291 2785 1346 2846 vel

191 2891 306 2951 sororis¹
327 2885 418 2948 lilium
440 2901 567 2946 uxorem
594 2883 705 2946 ducere
733 2900 794 2946 nou
817 2885 906 2961 licet3
928 2883 981 2946 306
1005 2900 1061 2946 000
1082 2889 1202 2966 neptem
1226 2883 1342 2949 fratris

192 2989 241 3052 'rel
263 2993 378 3052 suroris
399 2991 467 3069 quis
489 2988 600 3050 ducere
623 2981 757 3072 potest.“
801 2987 875 3049 ltem
898 2992 1032 3063 amitam,
1055 2989 1125 3050 licet
1147 2988 1344 3070 adoptivam,

192 3089 304 3155 ducere
326 3098 451 3152 uxorem
476 3089 545 3153 000
560 3088 630 3152 licet
638 3108 648 3165 3
675 3093 748 3152 item
771 3107 826 3152 nec
849 3095 1056 3169 materteram,
1081 3093 1151 3170 quia
1172 3098 1342 3172 parentum

192 3195 261 3258 loco
293 3191 448 3258 habentur.
502 3191 574 3255 l’ost
610 3195 709 3282 autem
746 3191 846 3276 legem
879 3191 1118 3257 Theudosianarn
1152 3199 1269 3257 sensim
1306 3201 1344 3258 in

191 3297 284 3363 ’00613
296 3291 449 3361 Ecclesiae
471 3291 608 3376 partibus
630 3311 685 3376 per
702 3295 835 3360 concilia
857 3297 1051 3378 provincialia
1074 3313 1147 3358 mox
1169 3297 1205 3360 ad
1229 3297 1343 3378 plures

191 3401 302 3488 gradus
331 3401 388 3464 buc
418 3397 665 3481 impedimentum
697 3405 855 3462 extensum
892 3400 987 3463 luisse
1017 3396 1192 3476 videtur');
1233 3399 1342 3466 60000

247 3582 266 3604 Ι...

217 3746 240 3816 1)
257 3713 422 3814 im-llepen.
441 3743 474 3797 60
491 3745 618 3814 impediat.
637 3745 708 3798 matr.
726 3745 832 3815 eaplll.
850 3742 967 3811 berardi,
985 3743 1081 3799 dissert
1100 3746 1125 3800 t.
1143 3761 1165 3798 c.
1183 3748 1208 3800 i.
1240 3745 1342 3821 linopp

218 3919 241 3986 ²)
259 3833 400 3971 6060616001
418 3918 579 4002 Epuuueuae.
602 3935 625 3972 u.
644 3919 718 3984 517„
742 3916 881 3971 Concilium
904 3914 1068 3984 bremense,
1091 3917 1151 3974 oto.
1188 3917 1340 3976 Concilium

259 4004 451 4068 Aurelianense,
469 3999 529 4057 688.
570 4037 573 4044 .
