2736 4660
175 231 238 305 388
572 241 675 311 ··carc·
692 253 896 312 matrimoniales.

173 412 393 494 exponebatur,
425 419 545 494 secuta,
576 414 750 479 deducendo
778 418 982 478 attestationes
1011 415 1049 477 de
1075 414 1194 496 publica
1224 433 1306 495 voce,

173 515 304 586 etfama
335 520 414 579 circa
436 517 579 588 creditam
609 519 646 583 ab
668 519 806 583 omnibus
829 519 957 582 liliorum
981 519 1225 602 legitimitatem5
1256 519 1307 581 sed

139 667 140 670 ,
172 623 312 682 instantia
334 625 485 702 proposita
509 627 540 684 in
557 621 585 686 S.
604 622 636 684 C.
655 620 755 686 babita
781 620 829 686 13.
843 622 915 685 Julii
935 619 1017 685 1720
1040 622 1120 685 nulla
1144 621 1201 684 fuit
1226 629 1306 703 capta

172 723 333 804 resolutio,
363 723 417 786 scd
439 725 566 804 dictum,
597 727 676 807 quod
706 725 897 807 probationes
927 725 1194 808 coadjuvareniur,
1222 725 1307 806 juxta

173 829 409 892 instructionem.

255 929 301 994 Ad
333 936 465 994 tramites
498 931 585 1016 bajus
614 936 751 1014 rescripti
782 937 941 995 instructio
972 932 1027 995 fult
1059 930 1244 1014 composita,
1280 940 1309 994 et

169 1037 243 1113 patri
266 1038 460 1117 consignata,
484 1051 612 1116 cumque
630 1037 718 1117 juxta
740 1053 808 1098 eam
831 1035 1020 1102 examinandi
1043 1041 1147 1098 essent
1169 1036 1309 1101 formiter

168 1141 261 1198 testes
284 1137 485 1218 deponentes,
517 1138 597 1218 qnod
620 1138 672 1200 lilii
696 1155 818 1219 semper
838 1138 929 1204 habiti
953 1138 1063 1201 fuerint
1084 1157 1138 1220 pro
1161 1139 1308 1223 legitimis

168 1245 198 1300 et
221 1240 296 1304 alter
319 1259 357 1302 ex
380 1243 424 1303 eis
447 1245 667 1305 matrimonium
692 1246 875 1304 contraxerit
898 1261 965 1304 cum
988 1241 1080 1304 nobili
1104 1243 1243 1320 muliere,
1278 1250 1308 1304 et

166 1343 247 1425 quod
267 1361 321 1424 per
340 1350 432 1408 testes
450 1345 586 1410 formiter
603 1344 820 1409 examinandos
843 1344 891 1406 vel
909 1363 963 1425 per
981 1346 1037 1416 alia
1053 1345 1189 1428 legitima
1207 1345 1308 1408 docu-

167 1452 265 1509 menta
283 1447 532 1530 coadjuvareniur
551 1449 740 1529 probationes
759 1448 797 1510 de
815 1453 1006 1511 matrimonio
1026 1453 1179 1512 contracto
1202 1467 1307 1511 coram

165 1550 321 1614 sacerdote
348 1559 378 1612 et
406 1550 485 1633 quod
513 1551 632 1614 demum
660 1551 835 1614 Guillelmus
864 1555 894 1614 et
920 1551 1067 1614 Ludmilla
1096 1569 1129 1614 se
1162 1557 1306 1633 tanquam

164 1671 254 1718 veros
284 1656 430 1739 conjuges
458 1660 663 1730 tractaverint,
694 1661 724 1716 ct
753 1661 784 1716 ut
813 1655 886 1717 tales
913 1654 1004 1718 babiti
1032 1655 1160 1730 fuerint,
1190 1654 1305 1719 factum

164 1753 220 1818 fult
243 1762 363 1820 tertium
387 1775 531 1836 examen,
556 1757 686 1820 exhibita
708 1757 773 1822 fuit·
787 1758 912 1840 epistola
930 1759 1042 1840 judicis
1065 1757 1216 1841 delegati,
1242 1777 1304 1820 ex-

163 1857 287 1922 hibitum
311 1865 401 1924 etiam
424 1867 470 1924 est
493 1865 650 1940 repetitum
669 1862 873 1942 juramentum
889 1860 1037 1924 Gulllelmi
1057 1863 1120 1944 Jam
1141 1861 1304 1942 decrepiti,

163 1968 193 2022 et
215 1969 302 2028 morti
328 1968 474 2046 proximi,
505 1963 557 2026 sed
585 1967 739 2044 proposito
765 1967 796 2024 ln
820 1980 843 2029 s.
868 1963 1017 2048 Gorrgreg.
1050 1963 1096 2028 16.
1120 1965 1187 2028 Jan.
1218 1964 1303 2028 1723

161 2063 269 2140 dubio,
292 2085 330 2128 an
348 2071 387 2130 sit
403 2067 596 2131 sanctissimo
613 2068 770 2128 consilium
792 2067 1001 2148 praestandum
1026 2085 1078 2146 pro
1097 2073 1302 2130 concessione

42 2191 45 2204 =
161 2167 393 2248 dispensationis
416 2177 446 2234 in
462 2172 563 2235 radice
584 2175 763 2233 matrimonii
786 2173 922 2248 measa,
946 2175 1003 2232 etc.
1028 2187 1204 2250 responsum
1226 2171 1304 2234 fuit:

161 2271 363 2354 „Nepotive“.
435 2307 438 2314 ,

245 2375 412 2443 Occasione
441 2377 594 2442 secundae
623 2381 835 2460 propositionis
866 2375 955 2458 hujus
983 2381 1142 2440 instantiae
1174 2374 1230 2440 fuit
1264 2377 1303 2440 ab

160 2477 256 2542 altero
288 2499 327 2542 ex
348 2482 405 2545 EE.
430 2481 481 2546 PP.
511 2486 694 2544 insinuatum
727 2497 787 2543 aron
819 2499 920 2561 parum
953 2495 1021 2541 esse
1053 2483 1190 2560 petitioni
1223 2497 1303 2560 pro·
1360 2523 1361 2528 κ

157 2582 307 2662 futurum,
337 2589 362 2646 sl
393 2591 496 2650 notitia
521 2584 625 2648 haberi
654 2589 755 2665 posset
782 2583 955 2668 degenere
980 2587 1059 2647 vitae
1085 2581 1236 2646 Gnillelmi
1263 2591 1296 2646 et

157 2683 338 2764 Ludmillae,
375 2688 412 2750 de
442 2687 609 2769 frequentia
640 2687 919 2766 Sacramentorum,
954 2705 1023 2748 cum
1054 2688 1296 2767 imperceptibile

158 2787 310 2870 videatur,
345 2792 424 2872 quod
452 2789 543 2852 iidem
575 2788 734 2853 christiane
763 2776 915 2868 vixerint,
945 2795 976 2850 et
1005 2789 1195 2853 Sacramenta
1224 2791 1295 2854 fre-

155 2897 380 2974 quentaverint,
413 2901 443 2956 et
463 2899 541 2957 inter
563 2910 617 2955 cos
645 2912 705 2956 non
728 2897 925 2975 praecesserit
955 2895 1174 2955 matrimonium
1198 2901 1294 2974 puta-

154 2997 215 3055 tive
237 2995 384 3075 validum,
415 3013 619 3078 concessaque
648 3013 725 3059 nova
753 2997 923 3074 audientia,
953 3015 1021 3059 cum
1052 3015 1149 3060 novae
1177 2999 1293 3079 proba-

155 3101 250 3160 tiones
277 3099 454 3163 advenerint
483 3100 520 3162 de
549 3099 688 3162 laudabili
717 3102 777 3161 vita
807 3097 956 3161 Gulllelmi
985 3105 1015 3161 et
1036 3099 1220 3181 Ludmillae,
1252 3103 1291 3165 de

153 3200 411 3266 Sacramentorum
435 3204 620 3284 frequentia,
645 3203 682 3266 de
699 3207 850 3266 communi
870 3203 948 3266 lama
964 3204 1099 3288 conjugii
1116 3209 1195 3268 inter
1213 3225 1290 3268 eos—

152 3301 220 3366 dem
242 3309 322 3386 initi,
354 3307 496 3388 quodque
525 3309 685 3372 notabilius
712 3314 776 3386 est,
809 3325 876 3370 cum
900 3307 1094 3386 Guillelmus,
1127 3313 1178 3389 qui
1209 3309 1288 3374 banc

150 3410 269 3470 lnterim
299 3414 391 3474 vitam
425 3429 493 3474 cum
524 3417 620 3475 morte
654 3414 862 3497 commutavit,
895 3411 1006 3474 nedum
1039 3415 1072 3472 in
1105 3415 1287 3476 testamento

150 3509 228 3574 lilios
251 3517 406 3595 scripserit
427 3515 591 3595 haeredes,
624 3521 654 3577 et
676 3533 729 3578 eos
752 3518 913 3578 asseruerit
941 3514 1076 3598 legitime
1098 3523 1283 3596 procreatos,

150 3633 188 3676 ex
216 3633 276 3696 quo
305 3624 374 3680 ante
402 3616 444 3682 40
473 3637 569 3684 annos
602 3637 670 3681 cum
704 3617 848 3681 Ludmilla
882 3621 1101 3681 matrimonium
1134 3625 1285 3683 contraxit

148 3735 250 3782 coram
272 3721 430 3785 sacerdote
457 3725 489 3785 in
515 3723 644 3786 ecclesia
671 3723 728 3785 loci
758 3722 869 3799 Tman,
900 3727 1054 3785 aeternam
1080 3723 1138 3785 sibi
1166 3726 1285 3804 impre-

147 3822 243 3886 cando
266 3823 506 3901 damnationem,
534 3831 559 3888 sl
582 3827 668 3889 aliter
690 3843 739 3890 res
767 3843 800 3888 se
822 3823 947 3902 babeat,
977 3823 1032 3887 sed
1061 3825 1185 3890 ulterius
1215 3834 1283 3908 post

146 3933 300 4005 peractam
331 3927 552 3992 confessionem
584 3929 834 3994 sacramentalem
868 3934 898 3990 et
930 3931 1033 4011 paucis
1068 3935 1137 3992 ante
1168 3929 1281 3994 obitum

145 4025 228 4096 boris
261 4049 362 4095 coram
392 4029 523 4117 parocho
556 4037 586 4094 et
616 4033 684 4098 aliis
714 4032 846 4116 probatis
877 4032 1002 4098 testibus
1032 4034 1217 4117 astantibus,
1251 4041 1281 4098 et
