2736 4660
469 199 548 254 Gema
566 203 773 256 matrimoniales.
1140 181 1204 254 359

64 359 139 421 lalsa
171 361 367 439 imputatione
397 373 452 420 seu
473 357 694 434 diffamatione,
730 357 869 440 quodque
898 377 933 420 ea
964 373 1024 422 non
1053 359 1202 438 obstante,

63 466 287 525 matrimonium
316 460 414 524 valida
444 478 479 524 ac
508 461 588 522 licite
615 469 732 525 servata
756 461 850 526 torma
874 461 995 524 Conciltt
1026 478 1096 524 cum
1117 462 1202 525 Clara

62 563 242 627 contrahere
279 571 395 645 posset:
425 583 460 626 ea
490 570 589 625 tamen
613 564 803 643 superaddita
830 565 1023 643 conditione,
1054 571 1203 646 quatenus

62 668 180 730 scilieet
190 664 358 748 Episcopus
380 683 471 747 snper
488 665 544 729 hoc
566 671 688 747 iruplcto
711 671 836 728 crimine
860 667 1024 749 legitimam
1046 667 1202 748 probatio-

63 785 134 832 nem
157 787 219 831 non
242 769 403 834 habuisset.
449 769 543 832 Causa
567 785 650 846 vero,
674 774 707 830 ut
729 774 836 833 asserit
857 767 975 848 Orator,
999 770 1202 850 dispensatio-

61 889 133 934 nem
164 877 251 934 istam
282 877 391 954 exequi
422 873 516 935 noluit
538 871 722 952 Episcopus,
752 871 807 932 sub
837 875 965 949 motivo,
999 872 1078 954 quod
1110 877 1142 935 in
1166 892 1200 936 ea

60 975 142 1038 nulla
165 975 241 1037 lacta
264 975 372 1038 luisset
394 979 507 1037 mentio
530 973 643 1036 decreti
677 972 766 1054 hujus
790 972 1060 1056 congregationis,
1091 980 1200 1037 iterum
1297 965 1303 973 ’

58 1084 125 1158 ipse
158 1097 312 1140 recursum
343 1079 430 1140 habet
454 1079 489 1141 ad
521 1076 597 1138 hanc
625 1083 739 1139 sacram
762 1073 911 1158 Congreg.
945 1094 998 1156 pro
1022 1082 1201 1140 executione

58 1181 159 1244 dictae
182 1181 431 1262 dispensationis,
466 1185 579 1246 attente
613 1183 794 1260 praecipue,
826 1178 907 1259 quod
936 1177 1078 1255 aClara,
1112 1198 1200 1260 quarn

60 1283 217 1346 contendit
245 1287 276 1344 in
306 1301 431 1347 uxorem
459 1288 612 1365 accipere,
649 1282 725 1344 duos
753 1281 830 1344 llllos
855 1283 918 1363 J'am
949 1285 1088 1362 suscepit.
1134 1283 1201 1346 Fuit

59 1387 162 1448 denno
186 1387 305 1452 auditus
319 1383 493 1468 Episcopus,
517 1391 567 1467 qui
583 1385 620 1471 ad
644 1385 782 1448 scandala
804 1382 987 1448 removenda
1000 1385 1118 1449 demum
1142 1386 1200 1447 de-
1269 1370 1271 1380 ¹

57 1490 193 1568 claravit,
218 1491 298 1570 quod
321 1493 352 1550 in
375 1489 503 1551 Domino
527 1488 694 1568 expediret,
718 1493 750 1550 ut
773 1488 955 1568 dispensatio
980 1488 1097 1550 landem
1122 1506 1211 1576 com,

58 1593 193 1654 cedatur.
240 1592 314 1654 Hinc
337 1593 474 1655 addubia
503 1592 532 1666 l)
556 1611 594 1654 an
618 1597 735 1652 constet
757 1591 794 1654 de
817 1591 1040 1671 impedimento,
1066 1599 1098 1653 et
1119 1609 1199 1673 qua-

57 1699 147 1755 tenus
170 1693 366 1774 alhrmative,
395 1696 430 1770 2)
462 1715 499 1758 an
531 1694 717 1774 dispensatio
748 1699 787 1756 sit
816 1692 1020 1776 exequenda?
1042 1693 1071 1757 S.
1094 1695 1124 1758 G.
1149 1696 1198 1758 die

58 1797 87 1858 2.
110 1797 207 1877 April.
235 1796 333 1878 1829,
363 1799 531 1878 rescripsit:
570 1793 854 1876 „Dispensationem
887 1811 956 1859 esse
978 1795 1195 1878 exequendam,

55 1906 177 1962 servata
201 1899 296 1962 lorma
319 1901 484 1964 litterarum
508 1895 817 1980 Apostolicarum¹).“

472 2124 613 2188 Casus
645 2121 777 2188 xxxvi.

105 2309 107 2314 ·
143 2278 309 2368 Cognatio
328 2277 526 2354 spiritualis.
564 2277 755 2352 sponsalia,
773 2278 912 2352 publiea
929 2279 1105 2340 honestas.
1200 2330 1201 2333 ,

143 2435 261 2515 litium,
287 2437 378 2498 filium
392 2435 453 2518 Caji
476 2440 508 2496 in
531 2433 737 2499 aliaDloecesi
761 2435 839 2517 apud
856 2436 1000 2518 quosdam
1024 2457 1094 2500 suos
1118 2457 1195 2500 con·
1254 2441 1265 2471 ¹
1294 2471 1297 2478 ·

51 2545 240 2624 sanguineos
275 2545 527 2616 commorantem,
567 2539 669 2621 ibique
698 2539 923 2603 Sacramentum
952 2538 1199 2628 confirmationis

54 2647 271 2724 suscipientem
296 2648 391 2705 tenuit
406 2641 530 2721 Martha,
554 2643 664 2704 ibidem
682 2661 736 2724 per
758 2641 898 2705 accidens
915 2647 1057 2704 existens.
1092 2643 1190 2726 Cajus,

51 2751 170 2808 mortua
193 2763 246 2810 sua
270 2765 374 2824 uxore,
399 2748 526 2809 transire
550 2747 655 2808 volens
678 2746 714 2807 ad
730 2745 878 2810 secundas
893 2751 1019 2826 nuptias,
1044 2747 1191 2826 sponsalia

51 2849 89 2910 de
113 2848 213 2910 lutura
236 2853 385 2912 contraxit
408 2867 474 2910 cum
499 2847 604 2910 eadem
627 2847 757 2927 Martha,
790 2853 930 2930 quoniam
954 2854 1061 2911 neuter
1083 2853 1193 2910 memi-

50 2955 139 3013 nerat
171 2949 208 3012 de
241 2951 318 3014 l'itio
358 2955 389 3013 in
429 2949 656 3016 confirmatione
691 2957 783 3014 tento.
829 2951 862 3014 ld
898 2955 1002 3034 postea
1033 2951 1192 3016 advertens

51 3055 158 3135 Gajus,
192 3061 222 3115 et
255 3054 393 3116 dubitans
421 3055 459 3116 de
490 3055 589 3136 aliquo
618 3053 834 3135 impedimento
865 3056 1014 3134 sponsalia
1045 3055 1191 3118 contrahit

51 3177 120 3220 eum
133 3157 301 3237 Apollonia,
324 3173 430 3221 sorore
453 3161 546 3238 ipsius
558 3157 702 3235 Marthae,
733 3163 894 3242 ignorante
918 3163 1018 3240 priora
1041 3159 1190 3240 sponsalia

51 3260 132 3341 Caji3
156 3278 259 3322 verum
283 3260 455 3346 intelligens
478 3261 674 3341 postmodum,
710 3260 746 3321 ab
768 3261 916 3342 aliquibus
936 3266 970 3324 in
992 3261 1113 3324 dubium
1136 3281 1190 3324 re-

51 3367 165 3440 vocari,
197 3382 235 3427 an
264 3363 376 3425 semina
410 3369 505 3443 possit
528 3370 632 3426 tenere
666 3381 778 3426 marem
809 3367 841 3426 in
864 3363 1114 3442 Confirmatione,
1149 3381 1188 3426 ex

50 3466 107 3529 alia
138 3472 222 3546 parte
245 3465 405 3530 advertens
434 3471 505 3531 oriri
535 3467 778 3546 impedimentum
806 3467 941 3548 justitiae
970 3466 1106 3548 publicae
1129 3466 1187 3529 ho-

51 3570 176 3631 nestatis
199 3589 238 3630 ex
260 3569 462 3650 sponsalibus,
487 3569 612 3633 haesitat
630 3573 747 3650 primo,
779 3588 817 3633 an
839 3569 1084 3650 impedimentum
1108 3588 1186 3632 con-

50 3675 176 3734 traxerit
197 3677 387 3764 cognationis
410 3674 571 3756 spiritualis
600 3694 667 3736 oum
691 3673 817 3762 Martha,
841 3672 992 3752 secunde,
1021 3691 1059 3736 an
1081 3675 1187 3736 incur'-

67 3950 89 4021 ¹)
107 3919 229 4004 Thesaur.
242 3916 321 4004 ¹retal.
341 3946 369 4004 G.
389 3947 513 4004 Verulana
532 3947 583 4002 vol.
601 3949 626 4003 4.
645 3949 704 4003 277.
