2746 4646
169 197 212 264 76
434 213 473 268 iia
489 213 673 284 tarpeiius-tt·
691 214 887 282 impediebatur
902 216 928 270 tn
945 216 1040 282 specie·

170 372 354 450 ementinlis,
389 377 421 434 ut
449 371 489 436 do
518 362 574 436 bac
602 389 721 452 semper
750 377 920 452 requiratur
949 389 1094 452 expressa
1123 376 1239 451 moue,
1271 390 1309 437 ac

169 475 295 557 proinde
317 494 333 536 a
356 475 490 554 pluribus
520 479 643 538 omnino
666 480 917 556 praetermittitur.
943 509 982 518 —
1006 473 1128 536 Praeter
1150 475 1202 536 bas
1230 493 1309 538 cau-

150 583 268 642 'tiones
289 575 434 640 adhibitos
456 579 494 642 ad
516 579 597 640 licite
620 578 851 658 dispensantium
875 580 1048 657 requiritur,
1075 581 1106 642 ot
1127 582 1159 638 in
1182 582 1306 654 ceteris,

168 699 258 744 causa
280 683 398 765 gravis,
428 700 505 762 quae
528 689 626 744 tomen
651 687 679 744 tn
701 681 784 744 hisee
806 679 979 762 regionibus
1008 681 1184 760 pierumque
1208 680 1307 759 adest,

167 783 307 847 videlicet
334 787 535 863 perversioris
563 784 743 864 periculum,
775 790 805 845 et
828 787 917 846 timor
939 801 977 844 ne
1000 781 1172 848 contrabant
1202 801 1306 847 euram

171 890 346 970 magistratu
368 887 465 965 civili,
489 893 518 948 et
541 886 694 961 similta.¹)

684 1065 712 1130 §.
736 1056 786 1122 24.

332 1181 361 1246 d)
379 1181 417 1236 tte
435 1183 613 1246 contrabatur,
637 1184 726 1236 saltem
745 1183 816 1250 juxta
836 1183 932 1252 plures,
957 1185 1011 1235 niue
1029 1197 1152 1236 consensu
1172 1190 1307 1250 parentum

373 1267 457 1320 debite
475 1272 602 1340 requisito.

252 1386 273 1451 l.
292 1385 394 1449 Plures
409 1386 527 1470 docent,
554 1388 703 1450 defectum
724 1389 889 1451 consensus
904 1393 1059 1468 parentum
1082 1386 1180 1450 debite
1197 1391 1308 1469 requi-

165 1494 214 1552 siti
237 1493 420 1558 constituere
442 1508 481 1550 ex
503 1496 596 1554 vetito
618 1490 772 1554 Ecclesiae
794 1495 824 1552 in
847 1507 938 1554 sensu
962 1494 1082 1570 proprio
1106 1490 1307 1570 impedimens

163 1592 349 1672 impediens3
381 1609 416 1652 ae
438 1592 590 1672 profecto,
619 1597 723 1676 negari
753 1611 811 1656 non
842 1598 955 1673 potest,
988 1596 1176 1657 matrimonia
1205 1593 1307 1654 taliter

165 1698 237 1756 inita
260 1692 418 1774 quamdam
440 1713 542 1758 secum
567 1695 646 1758 ferre
669 1695 904 1773 deformitatem,
936 1713 1025 1775 saepe
1048 1700 1137 1758 etiam
1161 1713 1304 1777 gravem;

165 1802 296 1859 attamen
324 1813 385 1858 noo
407 1801 504 1860 omnis
527 1797 718 1872 deformitas,
751 1802 806 1862 nisi
832 1800 908 1862 forte
935 1797 1112 1860 adversetur
1138 1802 1305 1860 intrinsece

166 1902 346 1962 matrimonii
369 1897 561 1976 substantiae,
582 1901 644 1980 jam
668 1919 721 1980 per
743 1920 777 1962 se
799 1907 845 1965 est
862 1901 1107 1980 impedimentum
1124 1904 1304 1962 canonicum

165 2003 356 2078 matrimonii,
379 1999 432 2064 sed
454 2005 576 2082 insuper
599 2007 770 2083 requiritur,
795 2011 826 2066 ut
842 2003 977 2066 Ecclesia
1000 2004 1098 2084 aliqua
1120 2002 1189 2086 lege
1213 2002 1306 2064 talem

164 2102 383 2166 deformitatem
407 2121 474 2166 esse
497 2104 742 2184 impedimentum
766 2103 945 2180 declaret.²)
969 2105 1054 2168 Unde
1076 2104 1129 2178 illi,
1152 2109 1203 2185 qui
1225 2103 1305 2166 hanc

165 2209 344 2268 seutentiam
364 2211 495 2285 tuemur,
519 2208 725 2272 demonstrare
744 2209 864 2285 debent,
886 2207 1103 2270 deformitatem
1121 2210 1305 2270 matrimonii

164 2307 277 2389 absque
300 2325 448 2372 consensu
477 2317 631 2389 parentum
656 2317 800 2393 requisito
830 2315 973 2374 contracti
998 2311 1128 2392 exlege
1154 2309 1306 2370 ecclesia-

165 2417 238 2474 stica
262 2415 445 2476 constituere
467 2413 711 2491 impedimentum
738 2418 925 2476 canonicum.
970 2401 1055 2486 Quod
1080 2417 1129 2474 vix
1151 2417 1306 2492 praestare

166 2520 321 2595 poterunt,
351 2533 419 2576 oum
447 2514 502 2576 loci
532 2535 572 2576 ex
597 2517 667 2597 jure
690 2521 834 2580 canonico
857 2516 893 2578 ad
915 2516 994 2578 bunc
1023 2515 1110 2576 frnern
1142 2511 1305 2591 adducti³)

236 2707 298 2761 Cum
318 2711 384 2762 enim
405 2724 454 2758 oon
473 2699 643 2762 ecclesiastica
662 2709 757 2768 solum,
777 2711 821 2760 aed
840 2711 970 2762 naturalis
988 2728 1016 2760 ac
1035 2711 1122 2760 divino
1142 2724 1245 2776 prorsus
1264 2709 1306 2758 lex

233 2793 363 2860 impediat,
381 2796 516 2862 quominus
531 2797 568 2845 vir
587 2793 707 2846 mulierve
729 2800 753 2846 in
777 2799 869 2863 nuptiis
888 2795 1067 2847 contrahendis
1087 2811 1113 2844 se
1132 2802 1175 2845 aut
1192 2795 1304 2845 futuram

233 2879 346 2930 sobolem
365 2879 476 2946 periculo
500 2883 667 2947 perversioris
691 2891 789 2932 temere.
808 2881 924 2946 objiciat,
949 2879 1038 2930 exinde
1057 2895 1118 2930 sane
1142 2879 1304 2948 imploratum

239 2972 292 3026 est,
310 2979 398 3016 omnes
416 2981 459 3015 eea
477 2967 606 3019 cautiones
624 2965 721 3016 idcireo
740 2967 877 3032 praescribi
896 2974 921 3018 et
938 2965 1066 3028 adhiberi,
1089 2982 1121 3016 rte
1138 2965 1216 3018 simut
1233 2970 1305 3015 cum

236 3038 395 3098 canonicis
416 3052 591 3103 sanctionibus
606 3052 737 3102 naturalis
755 3056 834 3107 etiam
857 3051 1050 3106 medicinalem
1067 3053 1145 3116 impio
1164 3067 1231 3100 ausu
1245 3055 1304 3102 oio-

235 3135 330 3187 letrrr.“
349 3165 383 3176 -—
400 3136 515 3188 instruct.
534 3137 605 3188 Sedis
624 3137 710 3202 Apost.
729 3137 761 3188 ad
779 3138 895 3205 Episcop.
910 3135 1001 3188 Bavar.
1021 3135 1096 3191 teat.

194 3219 216 3286 ¹)
234 3220 271 3272 De
296 3221 496 3290 dispensatione,
521 3223 605 3274 officio
632 3222 732 3288 parochi
755 3226 780 3274 iu
799 3222 967 3274 celebratione
991 3223 1140 3272 matrimonii
1164 3222 1248 3283 mixti,
1276 3223 1304 3272 in

235 3307 439 3358 reconciliatione
458 3307 598 3362 catholicae
617 3303 693 3375 partis
713 3307 770 3360 vide
788 3317 858 3359 tract.
878 3309 901 3358 i.
920 3316 944 3357 et
962 3316 992 3358 tr.
1009 3310 1035 3358 b,

198 3393 221 3459 ²)
239 3391 318 3455 Olim,
336 3401 363 3445 ut
380 3393 502 3456 diximus,
526 3410 645 3446 numerus
664 3393 897 3460 impedimentorum
920 3393 1110 3460 impedientium
1134 3391 1214 3456 major
1238 3401 1304 3455 erat,

234 3495 310 3548 quam
328 3479 417 3544 hodia;
435 3479 548 3532 Ecclesia
567 3488 649 3530 autern
668 3481 738 3547 plora
757 3481 903 3548 abrogavit,
921 3494 971 3533 non
990 3480 1047 3546 quia
1066 3477 1162 3532 nullam
1179 3479 1305 3532 deformi-

235 3572 310 3618 tatem
329 3569 353 3619 io
373 3582 401 3618 ae
419 3565 575 3628 habuerunt,
593 3565 637 3616 sad
656 3569 716 3634 quia
734 3566 870 3618 consultius
886 3580 943 3616 esse
958 3563 1090 3616 videbatur
1107 3563 1228 3619 nonnulla
1246 3581 1304 3616 ma-

235 3651 351 3704 trimonia
373 3650 421 3702 sub
438 3649 481 3703 tali
504 3650 661 3702 deformitate
678 3653 749 3714 iutri,
773 3667 848 3720 quam
868 3652 940 3700 nimis
963 3658 1093 3702 coarctare
1115 3649 1257 3702 libertatem
1275 3653 1303 3702 in

235 3735 351 3806 eligendo
369 3745 462 3793 statum
478 3736 635 3788 matrimonii.

196 3821 221 3888 ³)
239 3839 294 3888 cap.
315 3823 336 3876 i.
355 3839 431 3876 causa
448 3823 489 3876 ³0.
508 3839 549 3891 qu.
568 3823 592 3874 5.
611 3849 645 3860 —
666 3837 720 3888 cap.
740 3827 864 3872 nostrates
883 3827 908 3872 et
925 3819 975 3872 duo
993 3836 1045 3890 aeq.
1065 3818 1154 3872 eadem
1178 3836 1250 3874 caua.
1268 3852 1305 3862 -

237 3925 292 3976 cap.
310 3924 362 3970 nou
380 3908 469 3960 omnia.
488 3907 527 3960 12.
545 3914 569 3958 et
586 3923 639 3976 aeq.
663 3915 688 3960 et
705 3921 760 3974 cap.
780 3905 859 3961 ultim.
883 3921 960 3958 eausa
978 3907 1019 3960 32.
1042 3924 1084 3978 qu.
1102 3907 1127 3961 2.
1148 3935 1178 3944 -
1196 3905 1305 3968 Bnekbn

237 3991 282 4056 ltu
301 3992 397 4049 Canon.
416 3991 459 4044 lib.
478 3991 519 4044 lV.
538 3994 574 4047 tit.
592 3994 616 4049 2.
634 4009 660 4047 u.
679 3992 720 4046 65.
