2736 4660
460 821 846 953 Appendtx
886 823 975 922 H.

589 1025 853 1116 l'ermularium.

655 1239 807 1254 “WVVWN

240 1319 279 1438 l.¹
306 1366 533 1438 Formulae
559 1368 798 1462 expetendi
826 1359 1198 1463 dispensationes.

154 1555 182 1620 1)
200 1551 352 1612 Litterae
370 1550 544 1626 supplices
561 1553 784 1628 propalanda
802 1550 1058 1628 dispensatione
1075 1549 1113 1609 in
1131 1552 1290 1612 secundo

356 1635 464 1712 gradu
482 1639 791 1714 consanguinitatis
808 1639 865 1701 vel
883 1635 1073 1698 affinitatis.

238 1768 501 1832 Reverendissime
523 1789 558 1832 ac
581 1771 820 1834 clementissime
848 1773 882 1836 l).
906 1771 942 1832 D.
964 1769 1133 1848 Episcopo!

237 1873 403 1952 Exponitur
425 1872 576 1936 humiliter
593 1873 857 1937 Reverendlssimo
879 1892 914 1936 ac
932 1871 1173 1935 Clementissimo
1191 1874 1226 1936 D.
1250 1875 1283 1938 D.

151 1973 300 2056 Episcopo
315 1993 369 2056 pro
392 1981 479 2056 partc
502 1975 677 2040 devotorum
692 1977 851 2040 Oratorem
868 1975 1007 2040 Andreae
1023 1973 1058 2036 N.
1076 1979 1105 2036 et
1115 1964 1285 2038 Christinae

152 2077 187 2142 N.
203 2077 240 2140 de
256 2077 395 2158 parochia
411 2083 585 2155 (missione)
604 2131 610 2144 .
636 2129 642 2144 .
667 2128 675 2143 .
699 2127 706 2140 .
730 2080 818 2162 hujus
836 2080 990 2141 Dloeeesis
1007 2127 1014 2140 .
1032 2122 1039 2136 .
1055 2129 1061 2140 .
1079 2121 1104 2154 .‚
1129 2079 1209 2159 quod
1226 2084 1284 2159 ipsi

152 2181 225 2244 alias
252 2185 399 2256 scientes,
429 2199 462 2244 se
492 2183 625 2246 seeundo
654 2185 923 2266 consanguinitatis
951 2181 1049 2265 gradu
1079 2201 1096 2244 a
1129 2188 1283 2246 communi

152 2289 242 2366 stipiti
267 2285 432 2364 aequaliter
455 2291 652 2365 proveniente
674 2291 803 2348 invicem
827 2304 894 2348 esse
917 2283 1143 2367 conjunctos¹),
1175 2292 1283 2370 vigore

154 2393 263 2450 annexi
287 2388 465 2466 schematis,
497 2407 556 2451 non
579 2389 699 2470 quidem
723 2389 778 2450 suh
800 2407 854 2470 spe
877 2389 992 2452 lac-ilius
1025 2389 1177 2451 obtinendi
1208 2409 1283 2474 gra-

152 2495 232 2566 tiam,
257 2490 310 2552 sed
334 2491 429 2553 solum
454 2492 615 2574 fragilitate
638 2497 737 2555 carnis
760 2492 869 2553 devicti
892 2509 960 2554 esse
983 2492 1143 2554 carnaliter
1162 2511 1283 2576 cogno-

152 2599 258 2658 verint.
306 2594 377 2659 Cum
402 2601 519 2671 autem,
555 2599 610 2656 nisi
643 2600 864 2668 matrimonium
894 2600 973 2656 inter
1004 2613 1057 2656 eos
1080 2595 1283 2670 contrahatur,

153 2697 230 2758 diota
253 2698 362 2760 mulier
384 2696 542 2776 diffamata,
568 2704 599 2758 et
621 2703 742 2779 innupta
755 2704 932 2776 remaneret,
957 2701 1059 2781 gravia
1072 2699 1181 2760 exinde
1191 2717 1284 2760 soan-

153 2797 218 2862 dala
241 2807 363 2878 possent
386 2805 448 2862 veri
473 2803 610 2864 similiter
632 2806 742 2864 exoriri
754 2800 791 2878 ²),
816 2805 939 2882 cupiunt
954 2801 1211 2863 matrimonialiter
1233 2807 1284 2862 in-

151 2907 248 2964 vicem
271 2904 411 2983 copulari.
445 2903 515 2968 'Sed
537 2909 605 2986 quia
629 2905 765 2966 obstante
788 2903 939 2984 praedicto
962 2904 1175 2982 impedimento
1199 2903 1284 2966 desi-

152 3005 268 3068 derium
291 3025 376 3067 suum
400 3006 455 3069 hac
476 3012 507 3068 in
531 3013 614 3086 parte
638 3007 801 3088 adimplere
825 3024 884 3070 non
914 3011 1038 3087 poss-ont
1069 3006 1180 3086 absque
1210 3024 1282 3086 spe-

152 3109 216 3170 ciali
241 3113 335 3192 gratia
359 3109 605 3189 dispensationem
633 3111 745 3173 idcirco
769 3109 920 3172 humiliter
942 3109 1108 3188 supplicant
1130 3109 1281 3186 Oratores,

152 3217 299 3293 quatenus
322 3213 484 3276 Clementia
510 3213 614 3276 Vestra
645 3232 765 3292 seeum,
796 3219 829 3275 ut
860 3211 991 3291 publice,
1025 3219 1156 3282 (servata
1189 3213 1281 3276 lorma

152 3314 275 3378 Goncssh
300 3315 492 3395 Tridentini,)
516 3321 734 3388 matrimonium
757 3322 886 3380 invicem
909 3315 1105 3388 contrahere,
1137 3319 1281 3376 acinco

150 3419 338 3500 postmodum
367 3438 522 3482 remanere
554 3422 648 3484 libere
680 3427 710 3481 ot
732 3421 814 3482 licite
836 3412 972 3497 valeant,
1004 3417 1177 3498 dispensare
1209 3435 1282 3496 pro·

183 3659 205 3728 ¹)
224 3659 269 3713 Vel
290 3660 401 3712 secundo
421 3660 548 3711 allinitatis
566 3660 647 3728 gradu
667 3677 697 3712 ex
716 3661 807 3728 copula
827 3657 999 3710 matrimoniali
1015 3659 1178 3726 proveniente
1196 3675 1223 3710 se
1242 3667 1280 3710 at-

217 3749 306 3798 tinere.

183 3834 205 3900 ²)
223 3831 318 3884 Addita
337 3834 440 3898 insuper
463 3849 494 3884 ex
513 3841 583 3900 parte
602 3831 739 3884 humillime
758 3833 857 3902 signati,
876 3831 952 3900 quod,
979 3831 1025 3881 nisi
1044 3829 1197 3896 dispensatio
1220 3843 1280 3880 con-

219 3917 323 3970 cedatur
342 3917 480 3970 timendum
499 3918 570 3980 toret,
591 3935 623 3970 ne
641 3916 758 3970 Oratores
777 3919 802 3969 in
821 3915 870 3968 iidc
890 3923 1065 3984 pervertantur
1090 3925 1115 3966 et
1138 3913 1171 3964 ab
1191 3930 1221 3967 aa
1239 3915 1281 3968 dc·

219 4004 312 4069 lictant,
347 4021 402 4056 cum
422 4007 447 4055 in
464 4004 520 4054 loco
538 4002 683 4056 Aeathelius
701 4007 777 4058 mixto
795 4003 894 4072 degant.
921 4031 955 4040 -
980 3999 1133 4064 (Periculum
1152 3999 1282 4068 haeresis.)
