2746 4646
110 241 113 250 ,
205 181 266 250 106
444 199 482 252 ua
498 199 684 267 inpedimentis
707 201 894 254 matrimonium
918 196 1101 260 dirimentibus.

206 352 338 420 canuno
362 361 484 435 queant,
502 355 622 436 qnando
645 357 785 420 malitiam
794 362 923 420 aetatem
945 355 1084 438 supplere
1095 370 1149 434 per
1157 355 1328 416 sententiam

207 456 356 528 Ordinarii
389 457 569 525 declaratum
608 459 708 522 luerit.
754 459 863 522 Malitia
900 476 992 536 vern,
1033 464 1181 540 quatenus
1222 455 1331 538 supplet

202 565 330 624 aetatem
353 564 384 624 tn
407 579 487 639 casu,
512 555 544 622 in
566 561 682 628 duobus
704 566 851 638 consistit,
874 561 1016 625 videlicet
1037 566 1069 625 in
1091 557 1331 622 directionem

202 663 392 746 oonjngalem
424 681 603 730 eonsensum
626 670 657 728 ei
693 670 725 728 in
754 668 896 746 potentio
935 663 972 726 ad
1000 659 1180 745 copulam.¹)
1226 659 1332 734 Quodn·

201 782 274 830 roro
296 783 373 830 unus
386 767 435 829 vel
453 773 580 848 uterque
594 767 730 847 impubes
753 773 876 832 rationis
898 767 1019 849 quidem
1043 786 1099 830 usu
1116 770 1157 828 ita
1179 765 1284 847 pollet,
1305 768 1332 823 ut

201 867 392 936 contrahendi
415 873 474 932 vim
504 875 593 951 atque
624 876 761 934 naturam
791 870 956 954 intelligat,
997 888 1050 951 pro
1082 869 1236 952 conjugali
1265 883 1330 928 vero

201 971 307 1050 copula
329 970 460 1034 nondum
484 978 535 1046 est¹
551 978 694 1052 maturus,
713 973 764 1054 jus
787 972 1041 1054 dispensationem
1070 971 1199 1053 desuper
1223 986 1332 1032 conoe·

192 1073 289 1140 vdoridi
314 1075 350 1139 ad
373 1074 606 1150 onninaluondum
628 1081 849 1142 matrimonium
873 1065 1020 1157 privative
1049 1076 1086 1140 ad
1117 1073 1226 1138 Sedem
1250 1072 1333 1152 Apo·

200 1177 337 1242 stolioam
352 1185 474 1258 spectat.
518 1179 634 1242 Etenim
658 1179 697 1244 od
718 1179 902 1242 validitatem
919 1183 1110 1257 matrimonii,
1134 1175 1333 1260 quemadmo-

199 1280 267 1344 dum
291 1281 414 1346 rationis
437 1300 508 1346 usus
531 1286 692 1364 requiritur
714 1282 753 1344 de
770 1284 841 1364 Jure
863 1283 989 1346 naturali
1013 1288 1044 1343 et
1066 1281 1180 1358 divino,
1216 1283 1258 1342 ita
1282 1297 1333 1340 ac-

197 1384 286 1449 tualis
308 1385 345 1451 od
367 1385 555 1468 conjugalem
578 1385 714 1466 oopulnm
738 1391 868 1466 potentia
892 1389 1055 1467 requiritur
1087 1384 1216 1466 dejure
1240 1398 1333 1444 cano-

198 1485 306 1562 nicoft
352 1487 428 1550 Hino
451 1492 641 1550 matrimonia
672 1488 836 1552 infidelium
866 1494 955 1553 etiam
984 1495 1054 1552 ante
1086 1493 1218 1550 aetatem
1241 1502 1334 1548 onno-

198 1595 296 1656 nloam
318 1594 389 1655 initu
411 1596 483 1657 sunt
503 1591 610 1669 valida,
634 1591 704 1653 lieet
725 1591 855 1663 nondum
878 1592 1007 1656 adfuerit
1037 1595 1168 1672 potentia
1196 1587 1331 1668 copulae,

197 1698 278 1776 quoia,
302 1694 370 1776 lege
393 1693 604 1770 ecelesiastica
626 1695 694 1758 illos
723 1713 782 1759 uon
812 1695 984 1778 obligante,
1014 1693 1140 1772 suflicit,
1172 1699 1206 1754 ut
1235 1695 1335 1772 posset

199 1795 358 1878 aliquando
380 1795 525 1877 expediri,
550 1781 710 1862 dummodo
733 1798 864 1862 adiuerit
886 1800 1027 1862 diseretio
1050 1799 1184 1860 rationis.

286 1899 322 1962 ll.
345 1897 531 1962 Matrimonia
554 1901 752 1981 impuberum,
779 1902 866 1982 juxta
894 1903 1020 1967 formem
1043 1899 1167 1963 concilii
1206 1897 1336 1960 Triden-

202 2001 493 2078 minitationem
520 2007 581 2065 vim
613 2003 815 2083 sponsaliumt
847 2005 1033 2068 clandestine
1066 2020 1138 2066 vero
1167 2005 1241 2064 inita
1270 2002 1336 2060 sunt

202 2103 282 2168 nulla
308 2109 339 2166 et
358 2108 452 2182 irrita,
476 2111 591 2175 etiamsi
614 2107 903 2187 copulasubseouta
926 2108 1027 2186 inierit,
1051 2125 1092 2172 so.
1116 2111 1146 2168 in
1172 2104 1267 2177 locis,
1290 2100 1335 2162 ubi

202 2207 326 2270 Concilii
350 2206 502 2272 decretum
525 2210 563 2272 de
585 2209 729 2275 olendest.
754 2213 856 2292 rigot;
879 2215 910 2274 in
932 2210 997 2272 aliis
1026 2210 1107 2286 loeis,
1132 2205 1240 2288 oopula
1264 2203 1336 2267 sub·
1362 2241 1363 2246 κ

201 2315 310 2384 seoutu
327 2309 419 2384 ellloit
441 2310 707 2389 matrimortium.³t

720 2493 747 2560 s.
772 2482 823 2549 32.

537 2615 581 2682 ll.
604 2612 642 2679 lle
664 2612 847 2703 inpedimento
869 2617 1013 2701 lipnniriu

440 2750 467 2820 1)
486 2751 537 2811 De
555 2749 860 2813 indissolubilitate
885 2749 1108 2812 mantmoniu

288 2872 309 2938 l.
333 2871 577 2954 lmpedimenium
606 2874 757 2957 ligaminis
780 2878 826 2936 est
857 2873 1007 2934 vinculum
1042 2870 1282 2947 matrimoniale,
1314 2872 1340 2928 ri

201 2959 287 3058 enjus
309 2993 386 3038 unus
409 2977 522 3060 conjux
543 2979 587 3037 sic
610 2977 696 3039 alteri
719 2975 876 3060 alligatur,
910 2979 953 3053 ut,
987 2995 1024 3038 eo
1054 2974 1174 3037 vinculo
1198 2973 1335 3047 durante,

201 3097 269 3148 oum
293 3077 374 3140 nullo
397 3061 456 3140 alio
479 3077 659 3143 contrahere
682 3083 776 3159 possit
800 3083 1032 3142 matrimonium.
1078 3077 1125 3142 Ad
1140 3076 1342 3138 inducendum

201 3182 258 3246 hoo
280 3181 526 3262 impedimentum
551 3187 605 3244 tria
629 3185 834 3264 requiruntur,
862 3180 893 3260 1)
919 3187 950 3245 ut
974 3184 1171 3262 praecesserit
1186 3185 1344 3242 matrimo-

208 3291 302 3364 nium,
327 3285 432 3347 saltem
456 3292 575 3365 ratum,
606 3291 639 3350 ut
669 3291 763 3366 patet3
789 3283 824 3362 2)
847 3293 879 3350 ut
907 3288 1128 3347 matrimonium
1158 3282 1344 3362 praecedens

208 3387 405 3461 fueritvalide
415 3394 616 3466 contractum3
630 3388 666 3466 3)
676 3395 710 3452 ut
720 3393 900 3452 matrimonii
914 3387 1063 3450 vinculum
1086 3391 1251 3448 etiamnum
1276 3403 1345 3465 per-

203 3499 338 3568 severet3
360 3511 427 3556 nam
451 3493 571 3556 vinculo
594 3493 660 3573 ejus
682 3510 736 3573 per
758 3499 893 3567 mortem,
916 3491 965 3553 vel
988 3490 1207 3572 professionem
1232 3487 1345 3550 solem-

140 3599 141 3607 ’
203 3615 282 3680 nem,
308 3595 356 3657 vel
386 3594 638 3677 dispensationem
668 3595 873 3676 apostolicam,
903 3599 928 3656 si
960 3599 1055 3656 ratum
1075 3591 1227 3672 ''stt,'vel,
1261 3593 1287 3652 sl
1311 3593 1346 3651 sit

237 3809 258 3874 ¹)
275 3807 301 3866 S,
320 3805 348 3860 0.
366 3783 398 3860 C.
416 3807 483 3876 apud
506 3807 620 3878 Fagnnn.
634 3811 661 3862 in
680 3808 723 3861 lib.
736 3807 777 3862 lV.
796 3806 890 3860 decret.

233 3895 258 3960 ²)
273 3892 402 3946 Benedici.
420 3893 484 3949 xiv,
503 3894 530 3947 Ρ.
549 3893 661 3966 ltapnu
677 3895 749 3946 nodis
767 3894 808 3948 dd.
827 3895 868 3948 29.
891 3889 958 3946 lunii
980 3891 1053 3944 1748.

230 3980 254 4046 ³)
273 3977 344 4032 Goni.
364 3978 422 4033 cat.
441 3979 508 4032 xttt.
