2742 4660
360 241 398 294 on
414 241 600 310 inpedimenti·
617 244 770 295 nerninem
788 244 814 294 n
832 255 934 310 genere.
1173 224 1215 292 29

162 385 324 470 Quaeritur
352 397 400 473 3⁰)
431 417 468 458 an
499 415 553 478 per
582 399 828 462 consuetudinem
860 399 961 462 induci
993 403 1106 478 possint
1137 417 1212 460 nova
1304 472 1307 482 Ἰ

74 501 289 581 impedimenta
311 502 493 579 dirimentia,
518 508 548 562 ct
570 503 708 584 obrogari
728 503 791 582 jam
814 503 996 566 constituta?

162 613 194 684 ip.
220 605 341 684 Triplex
363 611 408 666 est
430 610 593 678 sententia3
608 609 718 683 ⁴primo
742 609 839 668 minus
864 604 1022 684 probabitis
1042 609 1101 666 vini
1126 609 1212 666 istum

73 708 283 770 consuetudini
307 707 451 790 denegem
474 711 611 770 secundo
634 713 769 787 requirit,
794 713 825 770 ut
840 707 1010 788 hujusmodi
1028 707 1214 770 consuetudo

74 813 109 872 ad
126 811 375 874 introducendum
392 813 636 892 impedimentum
653 831 802 892 expresse
825 816 863 872 sit
878 811 1038 891 approbata
1061 832 1077 874 a
1096 829 1214 874 summo

75 915 236 988 Pontifice;
260 917 352 975 tertia
375 916 506 996 denique
528 921 559 976 et
584 914 764 992 probabilior
786 915 1015 990 consuetudini,
1038 919 1128 976 etiam
1153 932 1213 976 non

76 1021 254 1098 specialiter
282 1037 297 1077 a
323 1036 439 1079 sorrrrno
463 1017 604 1078 Pontibce
633 1017 826 1097 approbatae,
859 1018 946 1080 modo
974 1017 1158 1080 rationabilis
1184 1023 1214 1077 et

77 1123 212 1203 legitime
234 1125 273 1182 sit
297 1125 488 1200 praescripta,
513 1121 612 1182 tribuit
627 1125 685 1181 vim
709 1121 916 1184 introducendi
942 1139 1019 1184 nova
1043 1119 1212 1200 hujusmodi

76 1225 300 1304 impedimenta,
324 1229 353 1283 et
376 1229 597 1303 consequentur
619 1228 708 1286 etiam
727 1223 898 1306 abrogandi.
929 1257 962 1270 -
987 1224 1110 1299 buaren,
1135 1222 1215 1286 San·-

77 1327 161 1398 cbez,
177 1326 298 1388 Goozat.
312 1327 447 1388 Cieriaut.
461 1324 605 1398 Scbmier,
617 1326 784 1408 Sctnnntzg.
796 1327 923 1388 Leutcn.
937 1327 1080 1388 benedict
1090 1326 1215 1390 11111.-

78 1429 278 1492 Conbrmatur
300 1448 337 1490 ox
362 1447 424 1508 cap,
449 1427 478 1489 3.
504 1434 545 1490 tit.
575 1428 620 1490 ti.
645 1449 713 1512 cog.
737 1434 831 1509 spirit.
851 1428 897 1507 X.‚
924 1430 973 1492 ubi
997 1429 1035 1492 ad
1058 1433 1215 1510 quaestio-

81 1551 158 1608 nem,
182 1551 219 1592 an
237 1549 383 1611 personae
403 1531 547 1611 quaedam
566 1533 711 1616 conjungi
725 1533 853 1606 vuteant,
873 1549 981 1610 necrre,
1001 1531 1210 1613 respondetur,

78 1635 284 1715 inquirendam
309 1653 376 1694 esse
400 1634 644 1712 bietropoiitunnc
667 1641 698 1696 et
720 1635 845 1696 otiorum
868 1635 1068 1700 Euctesiaram
1094 1639 1212 1696 abina-

79 1757 144 1800 rum
168 1737 430 1813 consuctodinem,
461 1741 534 1817 quin
557 1742 737 1816 requiratur,
769 1744 801 1798 ut
823 1743 878 1800 ista
901 1758 917 1800 a
941 1737 1018 1802 sate
1039 1737 1213 1820 Apostoliea

79 1847 117 1904 sit
141 1841 310 1920 approbata.
334 1839 408 1901 Hine
431 1840 494 1900 beri
519 1845 624 1918 potest,
650 1844 786 1920 quemvis
800 1844 961 1916 rarissime,
987 1847 1019 1904 ut
1040 1860 1079 1904 ex
1095 1839 1213 1902 diversa

80 1945 207 2023 aiicujus
230 1942 382 2003 neusin
414 1942 599 2020 particularis
631 1943 848 2004 consuetudine
871 1948 901 2004 iu
932 1945 1029 2024 abque
1060 1945 1213 2023 pruvincia

79 2049 213 2129 tegitime
244 2045 340 2106 obstet
367 2043 628 2123 impedimentum,
661 2045 739 2125 quod
769 2046 836 2108 alibi
867 2064 925 2108 non
955 2034 1062 2130 viget,
1083 2065 1120 2108 eo
1145 2049 1213 2108 vice

79 2145 211 2224 versu.¹)
257 2146 349 2208 Addit
372 2153 467 2208 tamen
492 2145 693 2226 Van-Eume,
719 2165 779 2210 nou
801 2147 889 2210 facite
911 2149 1130 2212 cousuetudine
1152 2152 1213 2210 im·

79 2251 248 2330 pedimenta
273 2251 448 2312 dirimentur
476 2248 595 2327 induci,
626 2250 706 2310 uode
730 2249 828 2310 taliter
850 2248 968 2312 inducta
993 2255 1091 2328 potius
1113 2255 1213 2330 impc-

79 2353 207 2430 dtentiu,
239 2371 326 2433 quam
351 2353 518 2413 dirimentia
547 2351 680 2414 habenda
710 2358 792 2426 suot,
824 2351 918 2412 donec
941 2351 1028 2412 aliter
1057 2353 1213 2414 manifeste

79 2456 233 2535 probetur.

594 2607 621 2672 §-
648 2597 693 2662 io.

233 2726 283 2786 De
302 2723 482 2784 Diuisione
499 2736 541 2780 ee
558 2736 706 2782 numero
723 2720 1060 2796 impedimentorum.

163 2861 185 2922 t.
209 2861 422 2944 impedimenta
447 2863 626 2921 matrimonii
650 2863 809 2939 praecipue
833 2857 1007 2918 dividuntur

108 2965 140 3042 1)
163 2970 194 3028 in
219 2965 428 3044 impedimenta
453 2963 649 3044 impedientia
672 2969 701 3023 et
724 2963 908 3025 dirimentic.

103 3070 138 3142 2)
162 3073 193 3130 io
217 3069 429 3147 impedimenta
452 3071 483 3128 in
507 3067 575 3148 lege
598 3066 746 3140 notaroti,
773 3067 879 3128 diuino
901 3068 1038 3146 positiva,
1063 3067 1093 3124 et
1116 3064 1216 3126 eccie-

163 3173 294 3232 siasrica
317 3171 448 3233 tundata.

149 3421 209 3474 teria
230 3436 280 3478 nun
300 3419 471 3470 retnnnidnr‘
509 3417 631 3468 Scbmier.
649 3414 690 3466 lib.
708 3416 732 3465 1.
752 3422 781 3465 tr.
801 3417 824 3464 2.
843 3431 864 3464 c.
880 3414 901 3466 1.
921 3431 945 3466 n.
965 3418 1008 3468 88.
1026 3414 1166 3468 Cardioalie
1184 3411 1216 3466 de

145 3505 221 3566 Lucu,
240 3505 274 3556 ad·
290 3503 384 3562 Cuncti.
398 3504 464 3556 Trid.
483 3503 543 3568 dioc.
564 3505 605 3558 26.
624 3519 648 3552 ιι.
668 3503 710 3556 35.
728 3530 760 3537 -
779 3498 877 3550 Prcbter
896 3502 930 3552 tit.
951 3502 969 3552 Ι.
989 3501 1020 3552 dc
1039 3509 1108 3554 matr.
1128 3517 1151 3552 o.
1172 3499 1214 3551 io.

151 3591 249 3658 Kuopp
270 3593 293 3656 S.
316 3592 337 3644 1.

109 3679 129 3742 1)
149 3679 223 3728 Anno
244 3677 309 3729 1631
328 3673 414 3728 Cieros
433 3673 571 3742 gallicanae
591 3675 619 3722 in
639 3669 749 3724 Comitiis
773 3670 922 3734 declaravit,
945 3679 1055 3722 veterem
1074 3685 1130 3721 esee
1149 3685 1212 3720 con-

154 3762 315 3817 suetudinem
331 3763 357 3810 in
375 3760 461 3812 Gattiia
479 3767 504 3809 et
525 3759 634 3827 legitima
651 3758 848 3826 praescriptione
865 3755 903 3822 (i)
922 3755 1063 3814 stabilitum,
1081 3762 1108 3804 ut
1129 3756 1215 3821 regiae

149 3847 241 3898 soboba
260 3848 401 3913 principes,
427 3847 574 3914 praesertim
591 3845 725 3896 viciniores
744 3842 867 3894 heoredes
890 3858 941 3894 oon
960 3843 1057 3908 poreiut
1074 3841 1127 3892 aiue
1145 3841 1212 3907 regis

149 3949 273 3984 concensu
292 3933 476 3985 matrimonium
495 3931 577 3984 valide
594 3930 752 3984 contrahere.
779 3930 834 3980 Van
853 3929 951 3998 Espen,
975 3926 1095 3980 demetr.
1115 3926 1148 3976 tit.
1169 3924 1209 3978 1³.

148 4035 172 4070 n.
191 4019 235 4098 ²¹2
253 4017 344 4086 Koupp
362 4033 386 4085 p.
402 4016 440 4068 11.
