2746 4646
178 269 240 338 128
404 285 441 338 lic
458 285 643 354 impedimentis
662 287 848 340 matraculam
867 287 1050 342 dirimentibus.

176 463 237 509 uon
266 441 457 516 dissoluto¹).
502 443 588 508 Unde
617 445 717 526 plures
741 451 847 510 merito
870 446 1068 522 concludunt,
1089 445 1339 518 distinctionem,

176 547 322 629 quandam
346 565 414 610 esse
436 547 545 610 laetam
563 549 624 630 jam
649 567 664 608 a
688 549 860 626 veteribus,
894 549 965 612 lieet
987 567 1047 612 nou
1068 548 1152 612 clare
1174 557 1320 632 appareat

176 651 309 714 delinitio
341 649 422 712 illius
461 649 707 725 distinctionum.
762 651 919 714 Gratianus
957 655 1092 732 primus,
1127 651 1319 733 distinquens

175 754 288 835 duplex
309 772 406 838 gerim
427 758 613 828 voventium,
638 757 765 833 primum
789 771 905 831 corum,
929 758 979 834 qui
1003 754 1181 834 simpliciter
1196 771 1319 818 voven-

110 849 116 861 *
177 863 222 920 tas
244 862 325 934 sunt,
348 857 475 918 alterum
498 873 620 934 eorum,
652 855 761 936 quibus
783 864 851 938 post
871 862 974 919 votum
997 856 1178 918 beneficium
1203 859 1320 920 accedit

176 963 422 1038 consecrationis,
434 961 484 1022 vel
496 966 679 1040 propositum
690 959 856 1043 religionis,
868 957 936 1020 vota
947 961 1046 1038 priora
1058 964 1231 1021 nominavit
1241 965 1319 1022 mru-

176 1063 276 1146 plicia‚
299 1066 463 1144 posteriora
486 1069 586 1124 autem
610 1062 766 1140 solemnia,
790 1067 925 1124 statuens
945 1059 1063 1139 deinde,
1088 1063 1216 1125 solemni
1241 1083 1320 1127 cou-

177 1171 320 1228 tinentiae
337 1172 417 1242 voto,
443 1185 502 1229 uon
522 1165 648 1245 simplici
672 1164 810 1250 conjugia
835 1165 945 1240 dirimi,
969 1164 1049 1244 quod
1064 1163 1256 1229 Caelestinus
1268 1167 1317 1228 lll.

176 1265 423 1352 comprobavit³).
468 1269 579 1329 Verum
611 1283 669 1328 nun
693 1271 943 1348 satisperspicua
973 1268 1029 1330 luit
1050 1268 1123 1330 haee
1147 1267 1318 1343 distinctim

177 1372 247 1453 quid
271 1376 350 1434 enim
374 1376 509 1452 praecise
536 1375 659 1432 nomine
688 1358 836 1431 beneficii
855 1375 1089 1435 consecrationis
1118 1379 1149 1432 et
1171 1377 1318 1453 propositi

176 1475 332 1559 religionis
363 1472 590 1556 intelligendum
620 1479 716 1551 esset,
748 1475 1035 1537 controvertebaiur.
1083 1475 1172 1537 Unde
1199 1474 1318 1537 tandem

177 1579 347 1640 Bouilacius
368 1575 440 1638 iiiii.
465 1578 641 1637 auctoritaie
672 1593 726 1637 sua
757 1574 906 1657 delinivit,
939 1583 1042 1640 votum
1076 1577 1213 1638 solemne
1246 1578 1319 1639 illud

177 1681 247 1760 dici,
279 1679 359 1762 quod
387 1679 614 1741 solemnizatum
647 1677 736 1738 luerit
759 1695 812 1757 per
844 1683 1067 1761 susceptionem
1096 1685 1173 1741 sacri
1197 1679 1319 1742 Ordinis

179 1783 280 1864 (cujus
304 1786 424 1845 nomine
455 1785 516 1842 tum
540 1784 629 1842 eiiam
652 1779 792 1844 veniebat
815 1779 1064 1856 subdiaconatus)
1087 1789 1139 1846 aut
1166 1801 1221 1863 per
1244 1802 1320 1864 pro-

179 1883 340 1949 fessionem
373 1902 546 1966 expressam
577 1882 626 1944 vel
653 1888 771 1946 tacitam
801 1885 909 1946 laetam
940 1886 1027 1948 alicui
1058 1884 1096 1948 de
1118 1885 1320 1970 religionibus

179 2007 234 2070 per
249 1987 362 2054 Sedem
385 1987 587 2068 Apostolieam
611 1987 780 2067 approbatis
789 1983 833 2064 ⁴);
865 1987 944 2068 quod
974 1989 1082 2049 clarius
1110 1993 1198 2049 eiiam
1221 1988 1320 2052 Joan-

180 2109 234 2154 nes
256 2088 344 2154 iiiiii.
368 2091 466 2153 edicio
489 2087 581 2164 su0⁵)
605 2091 779 2172 explicavit,
802 2089 966 2171 adjiciens,'
994 2109 1054 2152 non
1078 2088 1218 2152 sufficere
1242 2092 1320 2154 reli·
1368 2083 1369 2086 '

180 2199 294 2280 giosam
318 2212 536 2275 quamcumque
553 2193 771 2275 professionem
790 2197 822 2254 in
837 2191 985 2278 religione
1008 2212 1025 2254 a
1042 2193 1071 2256 S.
1086 2191 1123 2254 ii.
1146 2193 1319 2274 approbata,

180 2296 232 2361 sed
255 2297 380 2360 ulterius
397 2302 522 2380 requiri,
546 2301 579 2360 ut
601 2297 668 2360 talis
687 2299 725 2359 sit
747 2295 854 2384 religio
869 2315 923 2360 seu
946 2295 1020 2360 ordo
1038 2295 1209 2380 religiosus,
1233 2299 1321 2380 cujus

156 2399 327 2490 *professio
358 2399 395 2462 ad
426 2405 569 2463 castitatis
602 2397 769 2461 custodiam
799 2403 830 2460 et
862 2395 1092 2469 abdicationem
1108 2397 1318 2479 temporalium

179 2521 251 2566 suos
273 2503 460 2586 proiessorcs
492 2499 690 2586 astringat⁶);
719 2503 801 2576 Ouiae
828 2505 968 2565 universa
996 2521 1023 2566 's.
1049 2500 1158 2584 Synod.
1182 2503 1318 2566 Trident.

180 2605 368 2670 confirmavit
400 2610 431 2667 in
460 2624 533 2670 sess.
559 2603 609 2670 ti.
634 2605 672 2667 dc
694 2606 815 2668 relorm.
841 2593 925 2668 rriatr.
948 2626 973 2670 c.
999 2605 1018 2670 6
1042 2611 1072 2667 et
1095 2599 1138 2682 9.,
1169 2605 1319 2668 definiens

178 2714 301 2792 iusuper
329 2709 469 2790 quasdam
501 2707 702 2788 conditiones,
737 2728 814 2790 quae
843 2714 1053 2790 requiruntur,
1085 2714 1119 2770 ut
1145 2705 1316 2790 hujusmodi

179 2819 248 2878 vota
271 2813 370 2877 valide
392 2817 578 2888 emittuntur,
600 2817 630 2874 in
654 2829 728 2875 sess.
753 2811 802 2876 25.
828 2812 865 2874 de
888 2811 983 2894 regul.
1007 2815 1038 2871 et
1061 2828 1139 2876 mon.

264 2916 301 2980 ii.
324 2916 516 2980 Conditiones
537 2921 637 2977 autern
661 2933 700 2976 cx
710 2918 858 2996 praesenti
874 2913 1028 2996 disciplina
1038 2915 1191 2978 Ecclesiae
1212 2919 1319 2997 requi·

179 3024 264 3099 sitae,
290 3024 322 3082 ut
344 3026 413 3083 voia
435 3023 467 3081 in
489 3018 638 3102 religione
659 3019 787 3101 quadam
810 3035 827 3078 a
850 3016 877 3081 S.
902 3015 981 3081 Sede
1004 3016 1166 3098 approbata
1189 3023 1221 3079 et
1243 3037 1319 3100 pro-

179 3123 311 3186 fessores
334 3139 405 3185 snos
416 3121 452 3184 ad
464 3120 630 3184 custodiam
647 3122 801 3200 castitatis,
826 3125 856 3181 ei
871 3119 1090 3183 abdicationem
1106 3121 1316 3200 temporalium

180 3229 367 3309 astringente
399 3223 496 3287 valide
534 3227 720 3304 emittantur,
756 3227 824 3287 suut
860 3219 894 3300 1)
927 3229 960 3284 ut
992 3223 1140 3304 proiessio
1174 3221 1250 3286 baec
1280 3227 1319 3287 sit

179 3327 256 3393 edita
287 3329 404 3406 iiiere;
433 3345 501 3391 nam
531 3329 557 3391 si
587 3329 654 3409 quis
683 3344 737 3408 per
767 3330 842 3405 vim,
876 3331 927 3389 aut
960 3332 1071 3388 metum
1101 3323 1260 3388 cadentem
1287 3331 1319 3389 in

204 3625 228 3696 1)
245 3621 308 3678 Gan.
320 3625 345 3676 2.
355 3631 381 3674 ct
395 3622 419 3676 9.
432 3619 487 3674 disi.
508 3619 548 3674 12.
562 3620 603 3672 22.
620 3619 661 3672 ti.
677 3618 720 3674 30.
735 3618 776 3672 ti.
791 3634 861 3674 caua.
875 3620 916 3672 ai.
932 3625 1029 3689 quami.
1045 3617 1069 3670 1.

205 3711 228 3776 ²)
244 3709 345 3778 llaopp.
362 3725 387 3778 p.
401 3707 459 3762 iaa.
472 3737 506 3746 -
519 3705 623 3760 Berardi
635 3722 660 3774 p.
675 3705 732 3758 ita.

202 3798 226 3863 ³)
243 3794 306 3865 Gap.
324 3797 349 3848 d.
367 3793 398 3848 ii.
416 3792 459 3846 lib.
478 3795 504 3848 i.
522 3795 559 3847 iit.
578 3794 600 3846 b
710 3845 712 3852 ,

200 3881 225 3948 ⁴)
243 3880 305 3949 Gap.
323 3883 390 3933 unic.
409 3879 441 3931 de
459 3885 518 3932 voto
536 3881 562 3929 in
581 3879 631 3931 dte.

204 3966 229 4034 6)
246 3967 347 4028 Exirav.
365 3970 434 4026 unic.
451 3965 483 4018 dc
500 3973 552 4020 voi.
570 3975 595 4020 et
613 3967 664 4019 voti
683 3965 735 4018 red.

202 4055 225 4120 ὅ)
243 4051 272 4103 ld
289 4061 336 4116 eat,
353 4053 385 4106 ad
404 4052 494 4122 triplex
511 4060 599 4107 votum
617 4054 749 4116 castitatis.
767 4049 926 4112 obedieutiae
944 4056 969 4100 at
986 4050 1151 4117 paupertatis.
