2764 4664
445 131 482 186 its
499 131 673 186 celebratione
691 134 847 202 Nuptiarum.
1157 112 1224 188 253

79 290 254 369 cipierrdum
267 289 489 352 Sacramntum
501 294 691 368 matrimonii,
716 290 854 369 ideoque,
878 289 983 352 saltem
1006 293 1036 354 iu
1059 288 1116 351 hoc
1138 307 1220 366 casu,

80 394 216 475 exlege
239 393 339 456 divina
369 398 462 456 teneri
487 393 626 459 videntur
655 393 691 456 ad
719 392 939 455 contessionem
967 393 1222 460 sacramentalem.

172 497 219 560 iii.
243 496 273 559 Si
296 502 389 580 igitur
411 497 542 574 obvenit,
568 502 599 557 ut
622 501 724 574 sponsi
740 501 890 572 recusent,
914 495 982 558 huTc
996 495 1221 560 moniloEcclc·

80 603 148 668 siae
171 600 327 664 audientes
359 618 437 676 esse,
461 580 624 680 parochus,
657 597 785 660 adhibita
809 602 888 660 omni
913 615 984 660 cura
1012 599 1083 662 illos
1103 598 1141 660 de
1165 617 1223 660 ne-

81 707 226 787 cessitate
260 709 291 762 et
328 704 455 767 utilitate
494 703 696 764 consessionis
734 701 786 762 hac
826 704 986 766 occasione
1020 702 1222 784 peragendae,

82 806 224 882 tandem,
249 810 273 868 si
298 807 466 870 nullatcnus
490 809 605 886 possint
627 808 752 880 moveri,
777 803 965 886 distinguere
989 785 1095 880 dehet,
1120 824 1159 866 an
1180 806 1225 868 illi

82 910 240 988 hueusque
272 910 393 985 saltem,
427 913 604 989 inquantum
634 910 706 983 soit,
742 905 903 968 christiane
930 905 1079 986 vixerint,
1112 926 1225 988 necact

81 1018 115 1074 in
139 1029 213 1074 casu
231 1014 342 1090 priori,
368 1019 398 1074 et
421 1017 518 1091 potest
540 1018 570 1072 et
589 1010 681 1086 dehet
704 1010 822 1070 illorum
838 1014 1026 1072 matrimonio
1041 1012 1225 1090 assistere¹),

81 1120 260 1194 praesertim
284 1120 309 1178 si
340 1121 473 1192 constet,
507 1114 573 1178 illos
598 1133 657 1176 non
688 1113 781 1174 multo
811 1117 945 1192 tempore
969 1118 1038 1174 ante
1068 1115 1226 1180 comesses

83 1237 170 1293 esse3
193 1218 273 1298 quod
299 1225 395 1280 tamen
419 1223 469 1278 vix
494 1235 622 1298 unquam
646 1216 797 1292 obveniet,
823 1219 891 1294 quia
910 1213 1072 1278 christiane
1088 1222 1225 1282 virentes

82 1319 158 1384 huic
180 1321 303 1384 salutari
327 1326 438 1384 monito
452 1319 605 1384 Ecclesiae
629 1322 816 1399 paratissimo
836 1319 1011 1398 plerumque
1031 1325 1132 1384 animo
1155 1340 1225 1388 moe

83 1443 149 1486 rem
173 1439 282 1506 gerere
313 1425 419 1488 solent.
465 1424 497 1484 ln
526 1443 603 1486 casn
623 1424 808 1501 posteriori,
843 1425 1017 1500 praesertim
1048 1426 1073 1484 si
1103 1427 1226 1508 insuper

84 1529 213 1590 fortasse
236 1532 362 1603 constet,
387 1527 455 1588 illos
478 1529 650 1611 neglexisse
675 1527 828 1606 hucusque
851 1541 941 1586 omne
956 1529 1134 1590 exercitium
1150 1529 1226 1592 reli-

82 1633 184 1711 gionis
207 1629 431 1692 confessionem
446 1629 612 1706 annualem,
638 1637 668 1690 et
681 1628 928 1694 communionem
953 1627 1120 1706 paschalem
1135 1649 1227 1710 pree-

85 1737 269 1810 tcrnrisisse,
303 1750 358 1794 sen
380 1737 515 1794 versatos
538 1751 605 1796 esse
628 1738 700 1796 satis
722 1734 841 1793 notorie
862 1735 895 1792 in
918 1731 1132 1812 concubinatu,
1156 1755 1224 1800 cunr

84 1835 113 1900 S.
138 1835 260 1919 Liguori
286 1835 413 1898 dicimus
436 1836 597 1916 parochum
622 1855 683 1898 non
708 1838 803 1898 teneri
827 1851 884 1896 nec
898 1851 988 1914 posse
1010 1839 1157 1906 assistere¹
1175 1840 1225 1904 tali

84 1936 325 2014 matrimonic²);
346 1943 507 2019 „quamvis
530 1943 626 2016 enim,
651 1944 691 2001 ait
713 1937 893 2000 Benedictus
916 1935 1005 2016 xii,
1027 1939 1114 2020 Juxta
1138 1960 1225 2006 com-

85 2047 255 2106 muniorem
279 2047 434 2126 magisque
468 2047 619 2122 receptam
643 2045 823 2104 sententiam
848 2039 994 2120 parochus
1022 2060 1083 2106 non
1104 2048 1145 2108 sit
1165 2051 1226 2112 mi..

86 2151 181 2208 nister
204 2149 383 2208 sacramenti
407 2149 608 2224 matrimonii,
647 2145 838 2210 nihilominus
862 2149 893 2205 in
917 2144 1016 2206 multis
1039 2156 1227 2228 eomparatur

85 2254 239 2328 ministro,
274 2267 331 2312 nec
353 2248 432 2312 licita
456 2267 510 2310 sua
535 2252 702 2328 praesentia
734 2253 764 2310 et
787 2251 964 2312 auctoritate
987 2246 1107 2312 firmare
1130 2256 1228 2330 potest
1268 2305 1270 2308 .

112 2523 133 2589 ¹)
154 2519 342 2588 (Sacramenta)
362 2535 411 2570 non
431 2527 488 2570 eunt
509 2517 659 2586 deneganda
679 2518 714 2568 eis
734 2519 777 2586 qni
796 2517 921 2570 catholice
940 2521 1048 2584 vivunt,
1067 2524 1112 2572 nisi
1132 2531 1229 2576 constet

163 2607 196 2658 de
215 2605 361 2675 indignitate
380 2607 494 2672 petentis.
513 2605 537 2655 S.
555 2603 607 2672 hig.
626 2621 650 2654 n.
669 2603 710 2655 43.

109 2696 132 2759 ²)
151 2694 218 2745 Satis
236 2694 353 2744 convenit
380 2694 444 2742 inter
468 2699 581 2742 auctores
601 2694 625 2740 in
645 2689 706 2754 hoc,
734 2699 761 2741 ut
780 2691 906 2758 parochus
933 2707 984 2742 non
1009 2693 1087 2760 possit
1110 2696 1226 2748 assistere
1254 2743 1257 2750 .

152 2781 310 2832 matrimonio
329 2794 426 2840 eornm,
445 2781 487 2845 qui
507 2786 564 2828 sunt
578 2777 672 2844 publici
688 2784 842 2843 peccatores,
860 2780 922 2848 quin
937 2780 1088 2846 resipiscere
1096 2790 1229 2844 conentur,

154 2865 303 2918 scandalum
328 2863 437 2914 tollendo
462 2879 490 2913 ac
514 2865 691 2930 poenitentiam
712 2863 824 2930 agend03
851 2864 896 2915 sed
914 2866 1059 2934 quaeritur,
1088 2883 1147 2917 uum
1166 2866 1230 2918 haec

155 2952 283 3004 distinctio
308 2952 372 3000 inter
391 2949 504 3016 publicos
531 2959 555 3000 et
573 2948 684 3008 occultos
705 2958 849 3015 peccatores
875 2952 906 3000 sit
931 2950 1128 3004 admittendam
1147 2954 1229 3011 susci-

156 3036 249 3104 piendo
269 3037 432 3087 Sacramenta
461 3038 625 3100 matrimonii3
646 3036 717 3100 juxta
746 3049 833 3086 omnes
860 3051 911 3086 non
939 3037 1077 3088 admittitur
1104 3040 1129 3088 iu
1148 3041 1230 3090 susci-

158 3122 253 3192 piendo
272 3138 356 3174 sacros
376 3123 499 3187 Ordines3
524 3125 616 3189 pariter
634 3121 785 3174 Benedictus
803 3120 869 3172 xii.
888 3138 943 3174 eam
969 3137 1020 3172 non
1040 3121 1171 3176 admittere
1190 3127 1230 3176 vi-

158 3209 275 3260 daturin
295 3209 342 3260 hoc
361 3209 539 3272 Sacramenta,
565 3209 664 3270 dicens,
689 3224 741 3268 „ne
760 3209 826 3258 licite
846 3224 891 3258 sue
916 3209 1059 3276 praesentia
1077 3217 1102 3260 ei
1120 3211 1231 3261 auctori-

160 3303 212 3346 tate
231 3296 331 3346 lrrmare
355 3303 435 3362 potest
460 3294 610 3361 (parochus)
630 3302 800 3358 contractum,
825 3311 897 3364 quern
916 3298 965 3345 scit
989 3310 1003 3346 e
1026 3294 1231 3348 contrahentibus

86 3447 88 3452 Α
162 3382 284 3450 sacrilege
303 3382 390 3444 irinc,
408 3383 468 3450 quin
488 3380 637 3448 distinguat,
656 3387 740 3430 utrum
759 3379 793 3430 illi
812 3381 860 3430 sint
879 3377 979 3448 publice
997 3379 1111 3448 indigne,
1137 3397 1168 3432 an
1187 3395 1232 3431 oc-

163 3465 246 3530 culte,
270 3465 419 3532 (dummodo
438 3476 464 3518 ut
483 3483 527 3534 per
546 3485 572 3519 se
592 3475 674 3534 patet,
699 3465 741 3516 illa
761 3465 848 3516 notitia
867 3478 917 3514 non
937 3462 1058 3515 habeatur
1082 3481 1113 3516 ex
1132 3466 1232 3517 confes·

165 3557 256 3618 sione).
292 3552 371 3615 llario,
391 3570 434 3604 cur
453 3554 508 3604 talis
525 3554 650 3606 distinctio
669 3557 693 3604 in
714 3553 761 3604 hoc
779 3549 942 3603 sacramento
962 3565 1013 3600 uon
1032 3551 1065 3600 sit
1080 3548 1232 3602 admittenda

166 3638 239 3690 nobis
262 3640 288 3688 in
313 3636 361 3690 hoc
386 3642 433 3690 sita
458 3655 514 3691 esse
540 3641 648 3702 videtur,
674 3638 741 3708 quod
765 3638 885 3688 damnum
910 3633 1037 3704 publicum
1062 3643 1086 3686 et
1104 3634 1189 3686 odium
1208 3639 1232 3690 io

167 3725 346 3788 Sacramenta,
376 3725 442 3794 quod
469 3741 500 3777 ex
527 3727 707 3778 communione
731 3725 856 3790 peccatori
883 3723 981 3774 occulto
1010 3719 1110 3790 publice
1134 3725 1229 3790 petenti

169 3813 292 3879 denegata
310 3820 466 3880 sequeretur,
484 3815 510 3862 in
529 3813 577 3866 hoc
595 3813 756 3866 Sacramenta
774 3809 862 3865 saltem
881 3809 1028 3883 plerumque
1046 3806 1118 3862 aliter
1141 3806 1230 3861 evitari

169 3905 262 3969 potest.
