2758 4664
180 168 248 246 238
560 184 960 246 νοω-Μῶα

181 353 378 431 prneaenttan
398 348 521 430 parochi
542 355 575 410 et
594 355 716 413 mom
737 356 771 412 lu
791 350 854 412 turs
875 351 961 427 locis,
985 349 1037 412 uhi
1051 349 1217 414 Decretum
1235 343 1322 414 Cone.

181 454 261 517 lrid.
273 453 313 515 de
330 452 471 516 clmdcst.
493 471 556 515 non
568 459 665 536 viget,
686 471 742 534 per
763 471 798 515 se
819 459 918 533 patet3
940 453 1042 517 sedin
1063 455 1149 532 loeta,
1175 454 1231 516 uhi
1252 453 1324 516 illud

180 558 332 620 «lactatum
350 561 505 635 receptum
528 562 589 634 est,
612 557 859 640 distinguendum
881 562 959 632 erit,
981 557 1141 620 videlicet:

212 661 246 735 t)
267 660 298 724 Si
332 660 452 722 uollitas
479 663 659 720 matrimonii
688 679 729 720 ex
756 658 878 720 delectu
907 679 1075 722 consensus
1105 667 1173 725 orta
1204 660 1325 742 publice

265 765 444 839 innotuerit,
476 761 556 823 idem
585 765 809 824 matrimonium
831 768 890 832 rite
919 764 1091 826 confirmari
1114 769 1241 845 nequit,
1268 767 1324 824 nisi

265 881 432 928 consensus
452 883 554 926 coram
575 867 705 946 parocho
727 872 758 926 et
773 865 893 928 duobus
913 868 1054 945 tantus,
1077 871 1201 930 omissis
1223 871 1324 927 tamen

256 968 566 1052 proclamationibus,
595 969 791 1049 praebeatur,
820 975 878 1032 etsi
901 974 986 1050 prius
1007 971 1158 1053 conjuges
1189 974 1225 1029 in
1249 969 1324 1031 lacte

267 1071 422 1133 Ecclesiam
443 1075 668 1133 matrimonium
687 1073 751 1152 jam
772 1070 940 1147 inierintd)

208 1173 246 1249 2)
266 1174 299 1238 Si
321 1177 541 1236 matrimonium
570 1175 752 1236 celebratam
775 1174 833 1236 init
854 1193 958 1237 coram
988 1175 1119 1255 parocho
1148 1180 1181 1236 et
1204 1175 1322 1238 duobos

268 1275 412 1350 methas,
442 1281 475 1336 et
495 1277 632 1338 termus
660 1278 788 1360 legitimi
810 1295 980 1340 consensus
1008 1280 1150 1340 occultas
1174 1285 1321 1357 servatur,

266 1385 340 1442 tunc
360 1395 459 1442 novus
479 1395 647 1442 conamus
667 1381 744 1441 olam
765 1385 847 1442 inter
859 1377 1073 1443 contrahentes
1094 1387 1143 1444 est
1161 1387 1324 1462 praestan-

265 1482 333 1560 das,
356 1499 414 1544 nec
434 1481 563 1561 amplius
582 1481 731 1562 parochus
753 1483 873 1564 duoque
896 1489 989 1547 testes
1009 1488 1220 1565 requiruntur.
1230 1481 1260 1560 ²)

696 1644 725 1712 §-
749 1637 800 1702 62.

180 1770 218 1842 Ω)
241 1770 294 1834 De
311 1767 561 1833 rerelidsh'one
584 1769 800 1830 matrimonii
821 1770 911 1830 irriti
927 1771 974 1831 ob
991 1770 1169 1834 deiectum
1187 1772 1322 1834 formae

627 1855 871 1930 praescriptae.

267 1987 290 2051 l.
307 1979 453 2064 'chaun
484 1990 707 2048 matrimonium
729 1986 949 2048 clandestinum
975 1991 1009 2048 in
1029 1987 1122 2066 locis,
1153 1988 1205 2051 uhi
1230 1988 1321 2051 Cone.

185 2089 318 2154 'trident
340 2093 440 2172 viget,
470 2106 539 2152 esse
565 2092 682 2150 irritum
710 2107 751 2150 ex
777 2087 898 2150 delectu
927 2087 1044 2152 formae
1072 2096 1280 2172 praescriptae
1305 2111 1321 2153 a

182 2192 318 2256 Goucilio
340 2192 437 2266 'lhid3
467 2189 506 2254 de
533 2190 591 2254 hoc
617 2190 738 2255 deiectu
759 2190 788 2254 S.
812 2191 953 2252 Pontifex
980 2198 1080 2273 potest
1105 2195 1231 2275 quidem
1257 2195 1321 2258 dis·

182 2312 327 2378 pensare,
355 2293 410 2358 sed
430 2299 483 2358 vix
503 2311 634 2374 unquam
656 2293 746 2356 talem
775 2293 914 2356 coneedit
936 2293 1211 2374 dispensationem
1242 2298 1321 2360 unde

183 2403 216 2464 in
237 2417 308 2462 casu
330 2401 511 2462 matriniouii
539 2413 579 2459 ex
600 2395 657 2458 hoc
679 2397 799 2458 delectu
820 2401 898 2458 irriti
927 2415 1048 2479 semper
1070 2399 1242 2482 urgendum
1266 2406 1322 2476 est,

181 2508 216 2566 rt
236 2504 383 2586 conjuges
404 2519 438 2564 se
460 2503 568 2562 sistant
590 2515 691 2562 coram
705 2499 845 2579 parocho,
867 2501 917 2564 rel
931 2500 992 2564 alio
1014 2501 1052 2564 ah
1073 2506 1141 2582 ipso
1165 2502 1216 2563 vel
1231 2501 1322 2582 Epis·

155 2627 159 2634 ·
181 2625 260 2688 copo
280 2604 421 2689 delegato
433 2602 590 2666 sacerdote
612 2608 644 2664 et
665 2601 783 2664 dnohus
801 2603 927 2666 testibus
949 2603 987 2666 ad
1000 2603 1232 2666 revalidandnm
1255 2625 1322 2666 ma-

182 2711 356 2774 trimonium
386 2707 437 2770 vel
462 2706 586 2786 paottae
615 2705 666 2768 vel
694 2706 829 2778 arcete,
863 2712 952 2786 prout
987 2706 1106 2768 nullitas
1139 2711 1322 2770 matrimonii

183 2814 302 2896 publicu
323 2817 375 2876 aot
396 2810 514 2873 occulta
535 2808 636 2871 luerit.
679 2805 766 2868 Ratio
789 2813 845 2885 est,
870 2813 940 2889 quia
960 2813 994 2870 in
1017 2813 1109 2888 priori
1131 2827 1206 2872 casu
1230 2829 1322 2872 scan-

184 2915 284 2980 ‹hlm
307 2921 355 2978 eat
369 2911 597 2990 removendum,
617 2914 650 2972 in
667 2915 829 2992 posteriori
846 2929 920 2974 vero
940 2911 1180 2992 praecavendum
1198 2918 1232 2974 et
1246 2913 1322 2976 lama

185 3035 365 3102 sponsorum
387 3013 583 3092 servanda-²)

274 3121 309 3184 ll.
340 3120 371 3185 Si
399 3125 499 3184 autem
526 3134 586 3182 oua
614 3135 683 3198 pars
704 3122 813 3180 renuat
841 3113 1021 3180 contrahere
1047 3133 1148 3182 coram
1178 3116 1323 3200 parocho,

186 3225 286 3292 dehita
307 3244 376 3290 cum
397 3223 553 3304 prudentia
576 3225 661 3284 etin
682 3225 807 3284 canno
828 3224 1007 3295 instruatnr3
1038 3225 1070 3282 et
1091 3227 1244 3302 quatenus
1265 3221 1322 3284 ad-

185 3329 244 3394 huc
272 3335 395 3408 renuat,
425 3335 496 3390 tunc
525 3323 721 3409 satagendum
750 3329 812 3399 est,
842 3329 876 3386 ut
905 3323 1066 3404 specialem
1096 3329 1324 3404 procuratorem

186 3435 364 3511 constituat,
396 3436 447 3511 qui
475 3432 541 3514 eJus
569 3431 691 3493 nomine
722 3429 943 3490 matrimonium
971 3426 1127 3492 contrahat
1156 3427 1195 3489 de
1224 3441 1325 3504 more;

189 3533 394 3554 *nfi——h—-u

216 3605 282 3672 Ἠ.
300 3601 330 3658 G.
348 3601 378 3658 G.
398 3602 439 3656 io.
456 3600 517 3654 Dee.
536 3602 621 3666 team
637 3601 679 3652 30.
697 3597 765 3665 Sept.
785 3597 859 3650 1719.

214 3690 282 3762 ¹)S.
301 3689 329 3744 0.
347 3689 375 3744 G
398 3691 441 3747 20.
458 3687 508 3740 lul.
528 3686 608 3752 loom
631 3683 760 3738 Benedici
783 3682 848 3736 xit.
872 3683 976 3736 institut.
998 3682 1041 3734 87.
1064 3685 1090 3748 S.
1114 3681 1209 3751 Mopso
1232 3683 1316 3736 sudio

255 3780 317 3833 lust.
334 3784 400 3847 part.
416 3775 488 3844 Eyst.
505 3793 530 3844 p
548 3775 607 3826 334.

217 3865 241 3935 ²)
258 3865 297 3918 Ex
314 3863 432 3917 declarat.
450 3859 577 3914 cardinal.
596 3860 717 3928 Capreae
734 3855 811 3924 legati
830 3869 845 3904 a
862 3855 966 3906 latere
959 3870 985 3906 ιιι
1003 3853 1122 3922 Galliis,
1114 3871 1141 3908 ιιι
1158 3857 1327 3910 inanudioue

258 3949 291 4006 de
306 3945 523 4003 matrimoniorum
539 3945 730 4002 territorium.
