2758 4664
165 226 229 294 244
538 241 575 297 De
595 241 684 300 Gnosis
703 241 935 300 matrimonialibus.

166 419 265 480 causa,
291 401 638 465 automninoialseesse
651 403 788 481 relatum,
801 423 868 466 cum
887 409 1015 481 constet,
1035 401 1215 486 Gregorium
1226 395 1299 464 xro.

166 502 404 585 dispensationes
427 503 546 568 dedisse
569 510 599 567 in
622 505 722 566 radice
745 511 945 587 matrimonii,
969 513 1020 586 ita,
1045 511 1078 568 ut
1099 504 1201 568 Rotae*
1217 505 1302 567 deci·

165 611 267 670 siones
289 601 353 671 455
377 613 407 668 et
436 605 497 673 687
527 609 691 689 prodierint
721 615 751 670 in
775 627 846 672 casu
877 611 1041 674 consimilis
1072 607 1303 689 dispensationis

165 728 181 770 a
212 709 292 773 dicto
320 709 461 773 Pontiflce
491 709 698 785 concessae¹).
744 711 840 774 Simili
872 713 1098 793 dispensatione
1128 711 1303 774 confirmata

164 813 286 875 luerunt
308 814 421 896 absque
445 819 640 877 renovatione
664 833 829 879 consensus
852 815 929 897 apud
949 813 1040 877 indos
1062 815 1209 896 quaedam
1237 833 1303 876 ma-

164 919 315 995 trimonia,
345 935 423 998 quae
444 917 589 980 Pucueles
613 925 642 979 el
665 918 867 991 Quartarones
892 922 950 988 (sic
973 922 1052 980 enirn
1077 919 1302 997 nuncupantur)

163 1019 241 1082 haud
264 1023 320 1080 rite
344 1024 501 1100 iniverant,
527 1025 701 1102 interposita
725 1021 887 1084 Clementis
900 1021 945 1086 iit.
970 1025 1155 1092 auctoritate,
1181 1023 1232 1102 qui
1257 1020 1304 1080 die

164 1122 194 1185 2.
217 1122 329 1202 Aprilis
356 1121 435 1186 1705
460 1124 498 1185 ob
522 1123 597 1187 hanc
620 1143 683 1185 rem
708 1123 821 1186 litteras
844 1123 1034 1205 Apostolicas
1057 1120 1300 1205 promulgaris).

164 1223 220 1285 Die
245 1221 294 1289 18.
318 1225 396 1307 Sept.
429 1245 455 1288 a.
484 1225 562 1290 1723
597 1229 651 1290 sub
676 1227 775 1289 innoc.
798 1225 873 1291 Xlll.
905 1245 993 1291 causa
1018 1227 1160 1310 Pragens.
1194 1228 1303 1286 matri-

163 1332 255 1389 monii
278 1329 408 1392 resoluta
431 1335 477 1391 est
500 1335 696 1394 concessione
718 1329 889 1411 hujusmodi
914 1331 1165 1411 dispensationis;
1189 1345 1304 1390 recen-

164 1430 290 1493 tioribus
329 1438 427 1494 autem
461 1434 643 1514 temporibus
674 1433 863 1512 frequentius
893 1433 1103 1514 dispensarunt
1140 1437 1171 1492 in
1204 1431 1305 1494 radice

162 1530 231 1594 Pius
254 1531 320 1611 Vl,
344 1535 413 1598 Pius
438 1534 516 1608 vii,
541 1535 602 1598 Leo
626 1535 688 1598 xii.
719 1541 775 1600 etc.
821 1536 986 1599 cardinatis
1010 1535 1152 1617 Capram,
1184 1535 1305 1618 legatus

163 1636 295 1698 alatere
316 1641 347 1700 in
371 1638 473 1702 Galliis
482 1687 491 1718 ,
516 1645 548 1700 in
572 1645 769 1703 instructione
792 1639 820 1702 d.
845 1639 871 1701 d.
897 1637 948 1703 26.
972 1638 1041 1720 Maji
1069 1635 1148 1701 1803
1173 1637 1211 1699 de
1235 1637 1304 1698 dis·

163 1744 339 1818 pensatione
361 1745 391 1802 in
415 1741 514 1805 radice
538 1745 664 1826 ejusque
688 1749 833 1825 principio
864 1748 894 1802 et
917 1741 1136 1804 conditionibus
1159 1739 1303 1802 distincte

163 1846 194 1900 et
216 1839 282 1903 luse
304 1843 454 1924 loquitur,
485 1851 575 1929 atque
600 1843 770 1910 facultatem
801 1847 899 1909 taliter
930 1843 1120 1925 dispensandi
1144 1843 1302 1924 Episcopis

163 1941 277 2006 Galliae
300 1963 347 2013 en¹
361 1949 530 2025 particulari
554 1950 669 2013 indulto
694 1969 746 2032 pro
770 1949 829 2011 iliis
851 1943 1036 2028 temporibus
1060 1947 1209 2010 concedit.

250 2063 276 2124 ll
298 2063 343 2126 En
367 2065 453 2129 dictis
476 2075 574 2130 autem
598 2079 695 2152 patet,
718 2077 881 2154 sequentes
904 2067 1092 2162 conditiones
1116 2073 1247 2150 requiri,
1272 2073 1303 2130 ut

164 2170 386 2230 matrimonium
427 2188 483 2251 ope
520 2173 750 2253 dispensationis
789 2179 818 2234 in
848 2173 948 2234 radice
980 2173 1160 2236 convalidari
1202 2177 1303 2254 queat,

164 2267 280 2332 scilicet
824 2279 827 2288 “

193 2387 226 2466 1)
250 2398 282 2453 ut
319 2394 565 2476 impedimentum
607 2402 828 2460 matrimonium
867 2401 987 2460 irritans
1019 2401 1057 2459 sit
1085 2397 1164 2477 juris
1199 2395 1304 2458 eecle-

252 2500 375 2576 siastici,

190 2613 226 2690 2)
249 2623 281 2677 ut
302 2619 472 2698 conjunctio
496 2620 659 2702 conjugum
683 2621 820 2684 habuerit
843 2624 973 2701 speciem
1002 2625 1204 2684 extrinsecam
1226 2622 1303 2702 justi

250 2723 446 2798 matrimonii,
484 2725 515 2782 ut
543 2722 673 2802 loquitur
702 2722 852 2786 Benedici.
876 2722 952 2787 xiv.
976 2724 994 2786 i.
1024 2743 1050 2785 c.
1083 2743 1138 2788 seu
1171 2723 1302 2807 figuram

251 2826 447 2896 matrimonii,
470 2829 502 2884 ut
525 2823 644 2886 Corrad.
669 2824 754 2900 dicit,
788 2843 885 2905 neque
909 2825 999 2886 luerit
1023 2826 1179 2888 manifeste
1203 2827 1305 2889 forni-

250 2928 338 2985 caria.
370 2923 456 2986 Ratio
479 2932 540 3001 est,
571 2932 639 3006 quia
667 2945 756 2988 secus
785 2947 845 2991 non
875 2929 994 2992 adesset
1018 2948 1107 2992 verus
1137 2947 1305 2994 consensus

248 3029 473 3090 matrimonialis
497 3029 533 3090 ab
555 3034 658 3106 initio,
694 3049 729 3090 ac
752 3032 876 3109 proinde
902 3033 983 3094 nullo
1008 3033 1097 3096 ruodo
1122 3037 1225 3112 posset
1247 3031 1306 3094 ad·

172 3166 177 3176 «
250 3146 318 3189 esse
341 3133 572 3208 matrimonium,
596 3149 651 3192 seu
675 3149 735 3194 non
755 3131 875 3194 adesset
897 3134 981 3196 radix
1003 3139 1191 3200 matrimonii.
1226 3135 1304 3196 ilinc

247 3232 333 3311 juxta
366 3237 601 3295 communiorem
633 3239 826 3312 sententiam,
858 3241 882 3298 si
916 3238 1063 3320 conjuges
1096 3235 1304 3302 contrahendo

250 3336 334 3395 ctare
357 3340 556 3419 cognoverint
567 3340 746 3398 matrimonii
760 3335 938 3418 nullitatem,
963 3344 1184 3404 matrimonium
1205 3341 1306 3404 taliter

247 3444 431 3501 contractum
448 3436 503 3500 hac
518 3439 740 3520 dispensatione
758 3445 856 3504 sanari
871 3459 930 3504 non
947 3448 1061 3528 potest3
1083 3435 1172 3506 secus
1190 3449 1304 3519 autem,

247 3543 272 3600 si
290 3541 437 3626 conjuges
455 3541 670 3622 contrahendo,
697 3547 811 3606 etiamsi
826 3545 1072 3625 impedimentum
1091 3551 1304 3630 cognoverint,

160 3727 362 3737 mm...

190 3853 212 3919 ¹)
230 3852 351 3907 Thesaur.
370 3855 473 3907 resolui.
492 3856 516 3908 S.
536 3856 564 3909 0.
583 3855 612 3911 G.
633 3859 672 3910 ie.
690 3855 749 3910 tutti
769 3877 791 3912 a.
812 3861 886 3914 172⁰.

189 3939 211 4008 ¹)
230 3938 358 3994 Benedict.
377 3940 442 3996 xii.
461 3942 541 3996 instit.
560 3944 603 3996 87.
623 3943 669 3996 sub
688 3944 763 3998 tinem
781 3945 873 4016 Synod.
893 3947 972 4002 dioec.
993 3947 1009 4002 l.
1028 3963 1050 4003 e.
