2736 4660
615 219 694 279 Cator
712 219 918 284 matrimoniales.

614 401 733 466 Casus
755 399 889 464 xxxiii.

499 533 688 594 Affinitetis
706 485 1004 608 impedimentum.

154 661 155 664 ¹
273 673 307 752 1)
339 675 433 738 Titius
463 673 580 739 Bertam
610 675 695 740 duxit
723 679 756 736 in
785 679 1027 753 matrimonium,
1056 691 1151 754 eaque
1183 671 1324 736 defuncta

183 777 274 841 veliet
295 777 410 842 ducere
424 777 536 860 (lajano,
559 795 636 860 quae
654 779 753 840 fratris
764 777 881 856 Bartae,
902 779 963 860 jam
986 781 1107 855 mortui,
1130 794 1209 840 uxor
1231 774 1325 852 tuith

184 878 343 956 Quaeritur
365 867 403 944 an
425 881 507 942 licite
530 884 623 962 possit
644 880 724 944 iilam
748 881 882 942 ducere?

269 981 496 1060 taeterrimus
523 989 607 1064 pater
629 983 803 1066 virginiae,
834 982 960 1046 duxerat
982 983 1103 1053 Cieiiam
1132 988 1162 1043 et
1186 981 1326 1066 Virgiuia

184 1090 284 1170 nupsit
306 1085 394 1148 Rufo.
440 1085 596 1150 Delunotis
623 1085 772 1150 Matthaeo
796 1091 826 1146 et
850 1085 1004 1170 Virginia,
1039 1085 1133 1148 liuius
1164 1091 1195 1146 et
1220 1085 1326 1162 Cleha,

184 1190 221 1253 de
243 1194 281 1254 iis
304 1189 397 1268 vidui,
420 1193 543 1270 cupiunt
567 1192 756 1250 matrimonio
779 1187 971 1272 oonJungi.²)
988 1189 1136 1259 ..Dubitat
1163 1187 1325 1270 parochus,

184 1309 256 1354 uum
280 1293 380 1374 aliquo
404 1292 620 1372 impedimento
642 1295 824 1354 irretiantur.
870 1292 1031 1363 Quaeritur
1052 1291 1133 1354 dubii
1157 1291 1297 1354 solutio?

267 1395 356 1474 Resp.
380 1393 417 1456 ad
439 1398 585 1482 primurn.¹
610 1392 816 1474 Affirmciioe.
846 1393 931 1456 Ratio
959 1401 1024 1474 est,
1046 1376 1119 1474 'quia
1142 1394 1241 1455 Titius
1271 1412 1326 1472 per

183 1496 318 1578 copulam
342 1494 471 1560 habitam
494 1515 562 1560 cum
582 1496 678 1574 Beria,
703 1515 797 1558 uxore
814 1515 878 1576 sua,
902 1501 1049 1560 contraxit
1066 1496 1243 1582 affinitatem
1257 1515 1324 1558 cum

183 1600 320 1669 omnihus
343 1603 578 1684 consanguineis
602 1598 725 1672 Bartae,
755 1615 815 1662 nun
838 1605 938 1660 autem
962 1618 1029 1662 cum
1054 1599 1159 1666 Bartae
1183 1597 1325 1662 affinibus

183 1721 223 1764 ex
245 1702 367 1786 vulgata
389 1702 510 1786 regula,
543 1702 623 1784 quud
646 1699 774 1764 affinitas
805 1700 977 1766 affinitatem
1009 1721 1069 1764 non
1097 1706 1201 1782 pariet.
1251 1702 1324 1764 Cum

183 1810 276 1889 igilur
293 1806 373 1887 Gaja,
398 1824 437 1866 ex
459 1823 516 1884 qua
540 1823 618 1866 uxor
640 1805 739 1866 fratris
754 1804 870 1882 Bartae,
894 1804 971 1866 iacta
994 1809 1032 1866 sit
1055 1804 1199 1866 duntaxat
1217 1805 1325 1866 Berlac

182 1906 299 1986 odinis,
323 1926 385 1976 non
408 1911 648 1990 consanguinea,
679 1910 815 1988 sequitur
839 1924 936 1986 neque
959 1911 1219 1990 consanguineum
1245 1925 1324 1984 esse,

183 2003 280 2090 neque
303 2008 421 2073 affinem
435 1995 525 2078 Titio,¹
547 2009 732 2090 proindeque
756 2007 829 2070 nihil
852 2025 890 2070 ex
906 2007 1072 2089 hoccapite
1095 2009 1228 2088 obstare,
1253 2013 1324 2090 quin

181 2112 259 2174 idem
276 2113 382 2188 Titius,
406 2110 546 2174 defuncta
570 2129 664 2174 uxore
678 2110 774 2188 Beria,
800 2111 879 2172 heile
900 2117 995 2190 possit
1016 2117 1048 2174 in
1065 2130 1192 2174 uxorem
1212 2112 1323 2176 ducere

183 2214 302 2296 Gajam,
327 2233 404 2294 quae
427 2215 525 2278 fratris
547 2214 653 2276 Berlae
672 2214 734 2294 jam
758 2217 865 2276 mertui
889 2231 965 2278 uxor
987 2211 1090 2293 iuit.³)

267 2317 356 2400 Resp.
379 2317 417 2380 ad
440 2317 615 2393 secundum,
638 2316 752 2378 nulium
769 2316 887 2378 obstare
903 2318 1150 2398 impedimentum
1158 2339 1168 2394 ;
1192 2325 1218 2382 si
1244 2319 1319 2398 qued

182 2426 262 2484 enim
291 2418 510 2498 intercederet,
542 2438 603 2482 non
630 2419 711 2484 aliud
741 2435 827 2499 sane,
859 2426 890 2480 ut
914 2421 1000 2484 facile
1023 2423 1219 2508 intelligitur,
1256 2440 1321 2484 esse

208 2605 230 2669 1)
679 2606 821 2658 Schema.

629 2691 707 2759 Stirps
726 2695 875 2744 communis.

733 2782 770 2816 f*

722 2805 782 2958 >i

667 2944 884 3038 Boiihfflairn

411 3117 414 3124 ,
439 3069 524 3134 iiiia
540 3023 713 3138 [ι’-’Θ
780 3033 967 3141 Ἢ
987 3073 1065 3139 cair,

411 3155 526 3206 sponsus.
567 3151 950 3200 κ-..ῳ-...λ
984 3159 1084 3211 sponsa.
1160 3195 1163 3200 ,
1263 3195 1266 3200 ι

212 3226 233 3292 ²)
494 3228 496 3232 ’
665 3238 706 3290 So
720 3239 737 3289 h
751 3255 765 3290 e
779 3256 803 3290 m
819 3255 842 3292 a.

674 3324 823 3376 Matthaeus.

483 3421 1009 3622 &ly—*ffir—E-—O
1027 3461 1114 3528 eterra,
1134 3481 1241 3532 sponsa.

608 3669 611 3680 r

577 3765 678 3974 ὧ
819 3857 873 3976 U

546 4002 667 4072 Virginia.
808 4005 898 4068 Ruina,
916 4019 1032 4073 sponsus.

212 4117 235 4180 ³)
255 4115 334 4167 Carus
353 4113 443 4166 Conse.
461 4112 556 4164 Bened.
574 4112 640 4163 xit.
658 4112 707 4164 voi.
727 4113 750 4165 1.
768 4131 793 4184 p.
811 4115 870 4170 302.
