2736 4660
574 199 654 256 Corus
673 197 876 254 matrimoniales.

643 450 758 512 Cusus
780 449 811 512 L.

516 581 718 642 (teneamus
735 581 932 656 parentum.

155 716 160 755 ⁷
241 719 353 798 Titius,
387 719 565 784 inconsultis
588 721 773 800 parentibus,
803 721 866 782 vuit
888 720 1000 784 ducere
1032 739 1156 784 uxorem
1182 721 1295 802 Gajam,

156 823 282 904 puellam
318 823 493 901 honestam,
528 828 607 903 paris
645 822 764 903 quidem
799 823 1002 903 comittionis,
1036 822 1089 886 sed
1121 841 1295 906 pauperem.

155 924 323 1004 Quaeritur,
348 926 499 1006 quonmdo
521 924 668 1006 parochus
690 925 798 988 debeat
820 944 853 988 se
875 945 994 1012 gerere.

204 1055 206 1059 ’
240 1045 327 1126 Resp.
351 1063 419 1108 eum
442 1045 648 1110 distinctione:
673 1047 722 1108 vei
744 1045 891 1128 parochus
913 1047 1043 1110 advertit
1066 1051 1209 1126 parentes
1234 1046 1298 1106 iera

106 1193 108 1198 ·
155 1148 274 1230 quidem
303 1148 402 1212 verbis
432 1155 463 1211 et
485 1153 587 1214 auium
614 1150 871 1229 contradicturos,
903 1169 962 1212 non
991 1155 1089 1212 tamen
1112 1149 1298 1212 maiitiasum

154 1257 343 1334 appositurus
374 1251 634 1332 impedimentum,
668 1261 699 1314 et
721 1271 759 1318 eo
790 1259 861 1316 tuuc
883 1251 972 1315 debet
1001 1251 1063 1314 irtio
1086 1248 1232 1330 suadere,
1266 1257 1299 1312 ut

155 1359 294 1434 parentes
322 1353 473 1428 consulat3
502 1353 590 1416 aliter
617 1363 722 1438 peccat
752 1354 938 1434 assistendo,
973 1359 1062 1418 sicuti
1091 1354 1169 1416 filius
1193 1359 1299 1436 peccat

154 1460 198 1520 sie
220 1455 441 1533 contrahend03
473 1457 565 1520 laedit
587 1462 667 1520 enim
692 1463 852 1538 pietatem,
874 1477 910 1520 ac
932 1463 1132 1520 reverentiam
1157 1461 1298 1538 parenti-

154 1560 209 1624 bus
231 1559 375 1638 debitam;
406 1559 486 1640 quod
509 1565 546 1637 ei,
572 1561 717 1624 consultis
740 1583 756 1626 a
779 1561 841 1625 uiro
865 1561 1055 1642 parentibus,
1089 1579 1195 1624 corum
1220 1580 1299 1624 con-

152 1679 273 1724 sensum
297 1681 357 1726 non
379 1662 504 1742 obtinet,
529 1668 627 1742 potest
650 1663 730 1726 licite
753 1663 901 1744 parochus
925 1669 1116 1727 matrimonio
1139 1669 1298 1738 assistere,

153 1785 221 1828 oum
243 1770 337 1848 possit
360 1765 437 1828 iilius
451 1765 541 1832 ,licite
563 1765 758 1846 contrahere;
782 1771 851 1848 quia
874 1767 927 1828 iiiii
949 1766 1101 1840 satisfaciu
1123 1784 1177 1846 per
1193 1771 1298 1846 petio-

152 1885 221 1933 nem
245 1869 365 1930 conciiti
387 1873 558 1930 reverentia
574 1869 789 1950 aparentibus,
815 1870 914 1934 debita
936 1875 968 1932 in
990 1876 1037 1948 iis,
1062 1886 1140 1952 quae
1157 1875 1298 1950 spectant

152 1969 188 2031 ad
212 1976 347 2052 corporis
369 1976 617 2036 sustentationem
640 1973 774 2052 etproiis
789 1979 1029 2056 generationem,
1052 1978 1123 2036 suut
1140 1977 1187 2034 sui
1206 1974 1298 2056 juris.

152 2071 207 2134 Vei
230 2071 376 2153 parochus
399 2073 536 2148 advertit,
560 2081 698 2155 parentes
722 2093 789 2138 csse
812 2081 1002 2158 appositurus
1025 2075 1206 2138 malitiosum
1230 2079 1296 2136 im-

153 2174 366 2256 pedimentum,
396 2182 426 2238 et
449 2183 519 2240 tuno
541 2183 566 2240 si
589 2184 712 2260 propter
735 2186 937 2260 paupertatem
960 2197 1088 2260 sponsae
1112 2171 1229 2241 nulium
1255 2183 1297 2240 sit

151 2283 324 2341 secuturum
347 2277 486 2342 damnum
510 2299 603 2364 grave
615 2281 758 2361 dedecus,
781 2287 832 2344 aut
853 2282 1059 2344 irrationabile
1082 2271 1159 2346 onus
1177 2300 1295 2364 parea·
1354 2301 1355 2372 j

152 2383 239 2461 tibus,
264 2389 296 2444 ut
317 2385 348 2442 in
370 2401 443 2446 casu
465 2389 656 2465 supponitur,
680 2390 779 2466 potest
801 2391 832 2446 et
855 2385 944 2448 cebet
966 2389 1111 2448 assistere
1134 2385 1171 2448 ati
1197 2391 1294 2447 tuen·
1354 2381 1355 2406 ³

152 2486 218 2548 dam
249 2485 415 2548 libertatem
446 2491 644 2566 matrimonii,
682 2507 742 2552 nun
778 2493 859 2550 enim
897 2493 1055 2570 paupertas
1082 2505 1231 2570 sponsae,
1266 2492 1292 2549 si

150 2593 269 2652 caetera
302 2606 361 2651 non
388 2587 500 2667 desint,
532 2596 578 2652 est
607 2597 752 2654 motivum
781 2591 937 2654 sufficiens
964 2595 1158 2673 pertinaciter
1189 2589 1294 2672 obsis-

150 2691 233 2754 tendi
256 2695 446 2756 matrimonio
469 2692 521 2754 iiiii
533 2691 567 2768 ¹).

628 2889 749 2973 Casus
772 2889 818 2954 Li.

526 3040 672 3100 Peccata
690 3053 910 3113 sponsorum.

241 3195 270 3270 i)
293 3194 461 3260 Ludovicus
477 3201 571 3280 exigit
595 3198 697 3260 oscula
722 3199 853 3277 aFiore,
877 3217 945 3262 cum
968 3217 1026 3280 qua
1039 3197 1191 3279 sponsalia
1214 3216 1292 3260 con-

150 3305 250 3364 traxit.
295 3297 328 3360 id
360 3299 531 3374 verecunda
569 3301 666 3380 puelia
698 3319 790 3386 aegre
827 3301 904 3382 iert3
934 3300 987 3364 sed
1023 3319 1091 3364 oum
1120 3300 1290 3364 Ludovicus

151 3403 353 3482 vehementer,
377 3422 445 3466 curn
467 3406 531 3483 ipsa
553 3409 663 3483 renuit,
688 3410 848 3482 irascatur,
872 3410 903 3466 et
926 3404 1004 3467 dicia
1027 3403 1125 3484 puelia
1149 3408 1290 3488 graviora

151 3511 342 3588 pertimescat
372 3506 466 3582 rnala,
505 3512 679 3570 assentitur:
720 3512 890 3590 quaeritur,
922 3525 960 3570 an
992 3511 1031 3570 sit
1070 3507 1243 3570 excusanda
1274 3527 1290 3568 a

151 3609 302 3691 peceato?

236 3712 324 3794 Resp.
348 3711 385 3774 Ut
407 3719 489 3776 recte
512 3713 721 3794 procedamus,
745 3713 854 3778 adacta
888 3713 920 3792 i)
944 3731 984 3776 ex
1006 3713 1034 3776 d.
1059 3710 1182 3790 Thema,
1207 3714 1236 3778 2.
1260 3712 1287 3778 2.

154 3885 360 3902 ..vm-“⁸''

184 3970 206 4037 ¹)
225 3966 304 4022 Casus
323 3965 465 4021 contuear.
483 3965 578 4022 Βεηιᾱ.
597 3969 663 4023 XIV.
681 3971 730 4024 roi.
751 3972 774 4025 i.
791 3989 817 4043 p.
835 3969 895 4026 31⁰.
