2764 4664
475 240 554 303 Casus
572 251 776 306 matrimoniales
1134 204 1200 306 403

64 399 186 487 dmum,
217 407 270 504 sed
295 413 392 468 tamen
421 406 647 490 legitimandum
676 427 730 490 per
752 407 940 490 subsequens
968 415 1200 490 matrimonium,

63 497 161 612 quod
167 529 271 574 rursus
294 510 487 572 ineundum
478 529 510 571 m
534 515 626 590 patria
650 512 861 591 sperabat...

150 615 215 678 lloc
243 619 336 696 igitur
360 618 472 693 positu,
499 613 646 715 judicium
670 613 764 675 videri
793 621 894 694 posset
923 614 1109 698 iaciendum,
1138 638 1199 684 non

64 717 228 780 secundum
251 721 543 796 interpretationem,
572 735 660 796 quam
683 715 871 780 conditiones
892 717 962 782 illae
985 737 1039 800 per
1060 739 1094 784 se
1116 729 1146 784 et
1168 727 1200 784 in

43 820 211 882 abstracto
229 819 434 882 consideratae
446 818 547 882 forsan
559 819 755 900 postularent,
772 819 832 882 'sed
853 819 936 900 juxta
956 827 1086 886 animum
1109 843 1200 887 men-

64 929 186 1003 temque
208 927 303 1002 ipsius
317 921 442 986 loannis
457 921 580 985 Antonii
606 925 876 1002 praesumptionem
899 923 1015 987 scilicet
1037 926 1113 1012 legis
1128 933 1200 990 viu-

64 1031 152 1086 eente
175 1029 316 1104 veritate,
348 1031 377 1086 et
400 1043 438 1086 ex
461 1021 665 1086 contrahentis
694 1029 843 1088 sententia
867 1027 990 1090 formam
1020 1035 1201 1112 susclpieuta

63 1133 230 1205 contractu,
255 1131 302 1189 cui
322 1133 380 1188 vim
404 1127 476 1189 dare
499 1125 602 1188 debuit
624 1128 690 1209 ejus
712 1128 859 1192 voluntas.
905 1130 954 1193 Sic
977 1135 1068 1210 enim,
1091 1151 1201 1214 quam-

63 1249 151 1310 quam
182 1230 313 1292 conditio
342 1231 535 1310 impossibilis
562 1231 678 1312 adjecta
700 1235 889 1296 matrimonio
916 1251 976 1295 non
999 1233 1112 1299 officiat
1135 1237 1201 1320 ejus

63 1333 225 1409 caliditati,
248 1333 301 1396 sed
323 1332 466 1396 habeatur
495 1351 630 1420 prognen
653 1333 768 1414 adjecta
776 1354 785 1410 ;
813 1335 1005 1400 nihilominus
1028 1343 1052 1402 si
1076 1346 1201 1403 contra-

62 1435 171 1498 hentes
195 1441 246 1497 aut
276 1455 379 1499 eorum
403 1437 478 1499 alter
506 1437 709 1498 conditionem
731 1435 811 1499 illam
843 1445 993 1519 putaverit
1015 1443 1199 1522 possibilem,
1265 1485 1270 1494 -

63 1539 112 1602 vel
135 1539 212 1601 hanc
229 1539 370 1602 Canonici
389 1541 468 1621 juris
491 1542 734 1602 constitutionem
757 1544 952 1623 ignoraverit,
976 1543 1025 1606 vel
1047 1545 1201 1618 contditio·

63 1660 132 1704 nem
164 1649 314 1722 utcunque
343 1643 558 1723 impossibilem
589 1647 687 1704 sciens
711 1648 741 1702 et
771 1643 903 1723 prudens
933 1651 1014 1708 serio
1045 1647 1200 1730 adjecerit,

62 1747 284 1809 matrimonium
307 1745 441 1808 redditur
457 1751 574 1808 irritum
595 1764 634 1807 ex
650 1745 770 1808 delectu
788 1763 965 1828 consensus,
983 1755 1035 1830 qui
1054 1751 1104 1813 tuli
1123 1769 1202 1816 cou-

61 1850 167 1912 ditioni
192 1849 288 1912 iuerat
309 1847 427 1927 allinus,
453 1851 499 1925 (ut
522 1847 589 1910 fuse
611 1847 737 1928 probant
752 1845 874 1912 Covarr.
889 1851 1040 1931 Sonclccz,
1064 1851 1201 1936 Pirlla'nq,

60 1951 252 2030 Scltmalap.,
276 1951 405 2031 Perez);
437 1957 481 2014 Sic
504 1970 639 2033 quoque,
669 1951 738 2012 licet
760 1955 981 2016 matrimonium
1010 1962 1114 2020 coacte
1137 1963 1202 2020 ini-

64 2063 138 2134 tum,
164 2055 301 2134 adeoque
324 2054 498 2130 invalidum,
522 2054 633 2116 deinde
656 2071 709 2134 per
732 2053 796 2135 ejus
815 2062 1102 2122 consummationem
1125 2077 1202 2124 con-

61 2159 196 2220 valescat
223 2163 252 2218 et
282 2156 488 2236 confirmetur,
516 2158 711 2220 nihilominus
734 2160 759 2218 si
783 2175 855 2219 vere
888 2177 947 2223 non
978 2179 1014 2224 ea
1041 2161 1202 2227 allectione

63 2261 217 2344 conjugali
241 2279 328 2342 quam
345 2261 477 2324 Ecclesia
497 2263 671 2342 proesumit
686 2259 721 2322 ad
740 2259 909 2325 evitandam
930 2271 1202 2346 praesumptionem
1236 2336 1238 2339 ,

60 2368 189 2446 peccati,
213 2364 266 2426 sed
290 2369 337 2441 vi,
362 2369 518 2444 metuque,
542 2365 591 2426 vel
612 2367 722 2427 vitioso
745 2369 858 2426 tantum
881 2363 989 2429 affectu
1012 2367 1102 2431 luerit
1124 2387 1202 2433 con·-

62 2472 259 2545 summatum,
294 2467 407 2530 nullum
430 2467 500 2528 iuda
523 2467 615 2530 robur
636 2471 780 2548 acquirit,
813 2473 846 2530 ut
868 2473 995 2552 egregie
1018 2471 1202 2536 demonstrat

61 2569 170 2636 Sancta
196 2569 244 2632 lib.
267 2565 297 2632 4.
322 2569 396 2649 disp.
425 2567 472 2633 18.
502 2588 569 2632 cum
593 2571 659 2633 aliis
687 2569 763 2652 apud
786 2569 952 2656 Schmalng.
977 2573 1025 2635 lilt.
1050 2571 1078 2639 4.
1104 2579 1146 2638 tit.
1175 2573 1200 2639 i.

64 2693 94 2738 n
119 2667 233 2735 444-
241 2665 314 2736 tte.

151 2776 304 2839 Postremo
326 2776 419 2840 altera
441 2755 573 2856 aperitur
595 2781 643 2839 via
665 2775 702 2839 ad
725 2775 933 2841 declarandam
959 2783 1069 2859 prioris
1092 2785 1201 2846 matri·

61 2883 157 2943 monii
182 2879 356 2942 nuditatem.
400 2877 491 2942 Porro
514 2881 943 2943 matrimoniumcontractum
966 2884 1047 2944 inter
1069 2881 1202 2948 haereti·-

62 3002 133 3046 cum
152 2987 194 3042 ’44
222 2981 417 3058 Catholicam,
449 2982 518 3042 licet
545 2983 695 3059 illicitum,
728 2999 796 3044 esse
830 2989 929 3046 tamen
958 2985 1109 3062 validum,
1141 3003 1201 3049 non

62 3085 162 3149 solum
191 3089 222 3145 in
251 3089 366 3148 ratione
396 3089 578 3161 contractus,
610 3085 663 3146 sed
693 3087 782 3148 etiam
811 3089 843 3148 in
873 3091 989 3150 ratione
1019 3087 1202 3151 Sacramenti

62 3187 329 3262 indissolubiliter3
352 3205 419 3250 cum
438 3186 579 3250 haeretici
601 3204 721 3268 quoquc
743 3187 921 3268 baptismum
946 3195 1120 3272 suscipiant,
1143 3191 1203 3255 do-

65 3297 136 3354 cent
160 3287 286 3368 Sanch.,
311 3289 395 3351 Petra
420 3339 426 3352 .
451 3339 458 3353 .
484 3335 492 3352 .
514 3294 555 3351 ita
578 3295 692 3367 lamen,
724 3296 755 3352 ut
777 3288 947 3354 haereticus
969 3291 1075 3358 habeat
1096 3291 1202 3356 saitem

63 3391 241 3478 generalem
263 3395 461 3455 intentionem
486 3392 613 3457 faciendi
636 3393 682 3473 id,
713 3393 792 3475 quod
815 3413 831 3456 a
856 3393 973 3458 Christo
997 3395 1126 3458 Domino
1148 3399 1202 3456 in-

63 3499 202 3560 stitutum
225 3495 281 3560 luit
301 3500 333 3558 in
353 3500 553 3575 matrimonio,
579 3495 626 3558 uel
645 3498 724 3576 quod
744 3496 832 3559 docet
846 3515 918 3558 vera
936 3495 1081 3572 Ecclesia,
1104 3513 1202 3578 quae·-

62 3617 186 3680 cunque
213 3599 264 3663 illa
292 3603 346 3676 sit,
376 3605 408 3661 nt
437 3600 587 3682 explicant
609 3599 710 3678 Pont,
741 3597 863 3675 Sancta,
894 3597 1003 3678 Perea,
1034 3599 1075 3664 La
1098 3599 1198 3680 Oroixq‘

61 3701 242 3786 Schmalng,
267 3700 423 3768 Gobat.
448 3700 493 3781 .¹)

68 3805 70 3810 ’
150 3803 192 3870 m
212 3821 267 3888 pro
289 3823 372 3870 vero
392 3799 598 3887 asseveratur,
623 3805 703 3887 quod
726 3775 862 3871 Saxones
882 3803 1043 3934 Latherant
1065 3821 1126 3868 non
1148 3799 1201 3868 ini

60 3943 271 3954 ι...------------

90 4026 366 4098 aduncae
