2746 4646
304 223 342 275 De
365 219 551 289 impedimentis
570 221 755 278 matrimonium
773 215 956 270 dirimentibus.
1170 195 1213 266 39

163 383 267 444 invitis
284 382 374 462 ipsis,
407 377 511 440 durius
539 381 667 440 tractent
695 379 784 457 qnia,
812 373 910 456 quoad
931 373 1008 450 boc,
1038 376 1118 434 servi
1147 377 1216 435 sunt

164 489 209 546 sui
231 484 305 564 juris
328 499 384 542 nec
407 481 528 542 dominc
552 474 756 552 subduntur.¹)

95 587 133 665 2)
164 584 298 647 Validam
328 591 374 646 est
404 587 623 645 matrimonium
657 579 817 662 cujuslibet
856 577 939 640 liberi
980 595 1048 639 com
1088 577 1205 654 ancilla,

164 689 213 749 vel
236 687 371 748 mulieris
400 685 511 748 liberae
535 703 602 746 cum
634 701 741 760 servo,
774 681 935 742 dummodo
964 685 1051 741 antea
1080 679 1212 740 conditio

164 789 284 852 servilis
321 789 416 850 libero
449 786 636 849 contrahenti
670 789 791 868 cognita
823 784 930 856 luerit3
976 786 1045 862 quia
1086 786 1215 842 servitus

164 913 223 975 per
246 911 289 970 aa,
313 893 449 971 quamvis
468 889 573 970 triplici
588 889 668 950 bono
690 888 841 970 conjugiis
864 886 963 966 aliquo
988 884 1076 946 modo
1099 899 1216 968 repug-

166 1001 227 1072 net,
252 997 435 1056 nontamen
467 991 640 1053 adversatur
670 989 863 1052 substantioe
901 989 1101 1063 ritatrimonii‚
1126 1002 1215 1049 secus

165 1114 222 1158 nec
243 1102 322 1158 inter
344 1111 464 1155 servum
489 1100 520 1155 et
541 1093 681 1157 ancillam
704 1095 923 1154 matrimonium
947 1094 1078 1151 existere
1101 1095 1210 1170 posset.

98 1196 135 1268 3)
163 1197 194 1260 Si
217 1217 290 1262 vero
305 1196 454 1258 liberaum
473 1195 591 1274 ancilla,
611 1196 660 1260 val
683 1195 860 1258 liberasum
880 1209 968 1253 servo
993 1197 1213 1255 matrimonium

164 1301 330 1382 contrahat,
353 1303 509 1382 ignoraus,
525 1298 784 1384 alterampartcm
807 1314 874 1358 asse
896 1300 927 1356 in
950 1300 1110 1374 servitute,
1146 1313 1214 1355 ma-

164 1405 337 1466 trimonium
366 1407 411 1462 cst
437 1400 599 1465 invalidum
633 1404 712 1462 inter
745 1401 948 1476 christianos,
980 1404 1038 1462 nisi
1068 1405 1213 1482 sequatur

164 1505 326 1568 ratihibitio
349 1505 430 1584 ejus,
463 1507 512 1584 qui
541 1504 700 1586 ignorabat
717 1505 848 1580 *alterius
878 1502 1079 1574 conditionem
1113 1506 1213 1564 servi-

163 1609 222 1670 lem
247 1625 286 1668 cx
308 1623 452 1688 expressa
480 1605 675 1688 dispositione
705 1603 822 1690 legis.²)
868 1604 961 1680 ilatio,
992 1607 1032 1668 ob
1056 1623 1143 1686 quam
1172 1609 1212 1666 ita

162 1711 295 1774 Ecclesia
320 1713 443 1783 statuit,
475 1715 532 1780 est,
556 1715 588 1770 ut
611 1712 753 1770 resarciat
781 1727 903 1792 gravem
926 1710 1078 1792 injuriam,
1101 1709 1213 1770 illatam

162 1814 257 1874 libero
280 1816 429 1894 ignoranti
446 1808 648 1874 conditionem
663 1811 801 1872 servilem
826 1811 948 1874 alterius
964 1821 994 1874 ct
1010 1813 1048 1875 ob
1073 1831 1212 1896 magnum

163 1922 333 1979 contractus
354 1915 610 1994 inaequalitatem
649 1933 727 1995 qnae
762 1918 837 1976 ratio
876 1932 936 1978 non
976 1917 1063 1978 habet
1101 1915 1210 1994 locum,

112 2079 114 2084 .
160 2017 279 2099 quando
301 2017 377 2082 liber
398 2025 454 2080 scit
477 2019 601 2082 alterum
626 2035 695 2080 csse
712 2035 843 2094 servum,
869 2037 936 2080 cum
959 2037 1019 2100 quo
1044 2017 1213 2094 contrahit;

161 2127 233 2182 tunc
242 2124 320 2182 enim
331 2111 427 2184 cessat
439 2142 539 2196 error,
553 2127 583 2182 ct
595 2120 773 2184 contrahens
786 2137 845 2184 non
856 2121 1012 2202 decipitur,
1025 2120 1078 2184 sed
1089 2124 1213 2182 remittit

141 2293 145 2298 r
156 2225 208 2304 jus
231 2221 368 2305 suum;³)
392 2225 484 2304 uude,
517 2229 542 2286 si
565 2228 686 2306 cognito
710 2241 830 2298 errore,
855 2243 922 2304 pars
946 2225 1037 2289 libera
1062 2223 1140 2286 tacto
1163 2224 1212 2294 vel

161 2327 254 2388 verbo
283 2327 414 2390 declaret
437 2345 615 2392 consensum
645 2333 676 2388 in
699 2325 778 2390 idem
802 2328 985 2412 conjugium,
1011 2328 1054 2388 illi
1078 2331 1212 2406 separari

159 2446 219 2490 non
244 2438 375 2508 possunt.
402 2425 439 2476 -ὲ
464 2429 545 2512 Dixi,
577 2433 657 2492 inter
682 2428 900 2502 Christianum
930 2433 998 2510 qnia
1029 2427 1085 2491 boc
1113 2433 1215 2510 impe-

159 2531 324 2594 dimeutnm
349 2537 452 2596 nititur
474 2534 593 2616 injure
625 2533 847 2610 ecclesiastico,
880 2535 1102 2598 matrimonium
1134 2537 1240 2596 inter‘

158 2634 301 2714 liberum,
333 2640 384 2717 qni
414 2655 473 2698 non
500 2639 547 2697 est
569 2637 735 2717 baptizatus
764 2642 795 2696 et
827 2634 962 2696 ancillam
991 2635 1129 2698 similiter
1150 2653 1213 2698 non

70 2829 278 2838 *ο-

138 2969 167 3003 se
191 2953 350 3018 contrahant,
377 2971 409 3006 ne
437 2956 497 3006 alius
525 2957 648 3023 peccandi
675 2957 786 3024 periculo
815 2956 983 3020 objiciantur,
1015 2956 1055 3007 vel
1082 2956 1213 3022 sacerdos,

139 3055 226 3090 eorum
252 3039 352 3091 adstans
376 3044 488 3109 nuptiis,
517 3045 603 3110 poenis
627 3052 651 3094 et
676 3044 795 3095 molestiis
821 3045 979 3111 gravissimis
1006 3043 1048 3094 liat
1073 3041 1205 3096 obnoxius.
1243 3053 1246 3064 ¹

142 3125 171 3175 ln
190 3125 258 3176 Statu
277 3124 481 3194 Mississippiensi
505 3129 537 3178 de
562 3141 692 3179 servorum
711 3129 752 3181 vel
771 3129 906 3180 liberorum
925 3131 989 3197 nigri
1008 3127 1098 3179 eoloris
1116 3127 1208 3194 eonju-

138 3214 186 3280 giia
205 3211 241 3262 nil
260 3210 316 3279 lege
334 3211 464 3264 delinitum
483 3221 529 3274 eat,
549 3229 613 3281 quae
632 3215 726 3266 idcirco
745 3209 818 3282 possin
836 3214 954 3266 videmur
971 3209 1096 3266 celebrari
1115 3213 1210 3284 absque

136 3299 211 3348 venia
230 3296 350 3362 speciali3
378 3297 423 3348 aed
447 3298 541 3349 domini
563 3299 657 3370 ubique
682 3317 737 3352 eam
757 3308 882 3370 usurpant
898 3303 924 3352 in
943 3314 1029 3352 servos
1048 3309 1205 3368 potestatem,

135 3397 185 3452 qua
204 3385 360 3434 matrimonia
379 3399 465 3434 aarum
484 3401 515 3436 ox
532 3384 636 3436 arbitrio
655 3389 800 3453 permittant
818 3388 860 3438 vel
877 3387 1035 3455 prohibeant,
1051 3395 1205 3456 quapropter

133 3468 252 3518 sacerdos
269 3471 311 3519 vir
330 3477 413 3534 posset
431 3469 532 3539 aboqno
544 3474 696 3540 gravissimo
720 3477 758 3524 aui
782 3473 929 3524 discrimine
946 3487 983 3535 ea,
1004 3471 1099 3541 absquo
1116 3473 1200 3523 domi-

136 3569 227 3604 norum
246 3555 336 3615 venia,
354 3554 491 3608 celebrare.
507 3556 644 3607 'lienrlolr.
662 3557 748 3608 Theoi.
767 3558 833 3610 lior?
854 3573 876 3626 p.
896 3559 939 3610 lli.
958 3575 984 3624 p.
1004 3557 1061 3608 33³.
1077 3584 1112 3595 -

92 3639 114 3704 ¹)
130 3639 253 3696 Sancboa.
272 3638 355 3704 layna.
374 3637 444 3692 Pont.
463 3640 538 3693 bern.
556 3650 581 3693 et
599 3647 771 3696 communitor.
831 3669 835 3676 =

90 3727 113 3791 ²)
130 3724 182 3796 bib.
202 3725 242 3776 lV.
260 3727 298 3778 tit.
316 3725 341 3777 o.
359 3721 380 3776 o.
398 3727 432 3803 ²⁸?
443 3735 468 3777 et
485 3726 514 3780 X.
534 3728 689 3796 ,‚Suparatnr
708 3733 901 3793 matrimonium,
919 3729 1020 3799 qnando
1041 3729 1105 3782 iiber
1124 3731 1211 3799 igno-x

130 3819 218 3862 ranter
235 3825 293 3862 oum
314 3811 405 3862 annila
426 3817 652 3876 commutabili
669 3823 762 3883 postea
780 3819 827 3868 boc
844 3819 928 3867 aetem
947 3817 1013 3868 diam
1031 3818 1182 3885 oogrtovit.“

96 3899 118 3963 ι)
136 3896 201 3947 ilinc
219 3904 296 3964 putet,
317 3913 368 3948 non
387 3897 556 3951 conditionem
575 3901 709 3964 servilem,
732 3902 777 3952 sed
804 3919 914 3954 crmrem
938 3903 971 3954 de
996 3903 1043 3954 buo
1056 3900 1209 3954 conditione

138 3983 242 4053 exlege
261 3981 432 4036 ecclesiastica
450 3984 567 4037 dirimere
585 3988 781 4039 matrimonium.
822 4007 824 4015 ⁴
1156 3997 1159 4006 ⁴
