2764 4664
479 272 559 326 casa·
577 272 784 327 mammonam.
1145 255 1208 354 295

70 433 207 496 Joannes
234 451 298 494 rem
327 433 428 516 habuit
455 449 523 494 cum
546 430 649 510 Anna,
679 437 741 494 tum
762 438 843 514 quia
872 437 903 496 in
924 433 1032 497 eodem
1059 429 1206 508 cubiculo,

72 537 144 600 licet
166 541 198 598 in
220 536 280 599 alio
308 537 401 614 lecto,
432 534 581 598 cubabant
609 542 704 596 mater
726 542 756 596 et
782 553 869 598 soror
895 536 1065 616 praedictae
1087 517 1206 612 Annae,

73 645 135 700 tum
158 643 228 720 quia
251 638 289 699 de
312 639 378 720 ejus
397 641 571 721 virginitate
593 637 715 698 dubium
738 637 878 712 habebat;
901 638 954 701 sed
976 656 1044 700 cum
1067 638 1208 701 admont

72 747 121 802 tus
145 739 268 816 finisset,
293 739 374 822 quod
394 739 568 804 Anna-erat
590 739 728 823 gravida,
759 759 825 802 carn
849 747 935 804 tertia
956 747 1045 826 nocte
1067 739 1208 804 seriode

71 847 267 927 praegnantis
290 843 504 924 interpellavit,
536 841 701 924 eademque
730 844 868 906 consessa
897 850 998 906 estse
1027 860 1095 906 essa
1116 860 1209 923 prae-

70 950 233 1031 gnantem,
257 951 287 1010 et
310 965 343 1008 se
366 947 460 1008 fuisse
482 965 498 1008 a
521 963 577 1008 suo
598 949 736 1029 genitore
759 952 1005 1027 stupratam,

159 1049 224 1114 Ηοι
245 1051 357 1128 audito,
381 1049 513 1112 Joannes
528 1047 638 1110 nedum
662 1047 739 1109 dicta
757 1053 846 1110 tertia
866 1029 954 1111 nocte
972 1069 990 1112 a
1009 1049 1116 1131 copula
1134 1049 1208 1137 abs7

71 1159 176 1230 tinuit,
207 1153 261 1214 sed
285 1153 409 1214 ulterius
433 1153 528 1215 noluit
550 1151 676 1232 amplius
704 1169 771 1214 curn
795 1123 883 1214 Anna
906 1151 1054 1229 dormire,
1084 1129 1209 1218 licetur

70 1257 179 1318 eadem
210 1255 300 1318 domo
329 1273 396 1316 cum
428 1259 492 1335 ipsa
520 1253 752 1338 cohabitaverit,
783 1271 822 1314 ne
853 1254 961 1316 lactum
992 1257 1206 1332 innotesceret,

72 1359 153 1441 quod
171 1364 272 1420 tamen
286 1361 425 1434 innotuit,
449 1360 547 1418 statim
568 1357 704 1420 acdona
728 1360 855 1437 peperit,
878 1360 930 1417 vix
948 1357 1057 1438 elapsis
1075 1341 1208 1448 quinque

72 1460 230 1542 mensibus
249 1460 332 1522 adue
354 1462 420 1520 initi
436 1463 628 1537 matrimonii,
652 1465 693 1521 ita
716 1465 749 1521 ut
764 1465 954 1522 incestuosus
975 1466 1060 1541 pater
1078 1463 1111 1520 in
1130 1459 1208 1520 alie-

64 1581 125 1624 nas
147 1565 291 1644 regiones
314 1581 348 1623 se
371 1563 531 1624 contulerit
552 1562 711 1643 eidemque
734 1561 860 1626 subinde
882 1562 949 1626 data
971 1563 1062 1652 luerit
1084 1560 1208 1656 facultas

71 1665 110 1729 ad
134 1668 259 1743 patriam
283 1664 447 1744 redeundi,
476 1664 636 1727 exbursata
657 1666 780 1729 notabili
802 1670 948 1746 pecuniae
970 1645 1147 1744 quantitate.

159 1765 191 1826 ln
214 1765 271 1828 hoc
289 1785 389 1828 rerum
413 1773 501 1847 statu,
525 1767 658 1830 Joannes
673 1766 790 1830 Annam
814 1767 983 1849 dereliquit,
1007 1785 1063 1828 nec
1079 1763 1206 1845 amplius

70 1870 168 1933 voluit
189 1887 257 1931 oum
279 1875 344 1950 ipsa
366 1869 545 1947 cohabitare,
570 1885 737 1950 precesque
758 1869 829 1944 huic
850 1887 954 1944 sacrae
970 1869 1207 1952 Gongregatioui

70 1972 207 2038 exhibuit
239 1989 292 2052 pro
323 1973 525 2044 declaratione
558 1973 704 2035 nullitatis
736 1976 926 2034 matrimonii.
971 1971 1119 2052 Scriptum
1151 1970 1207 2032 luit

64 2069 314 2140 'Eminentissimo
336 2067 483 2156 Episcopo
505 2093 559 2157 pro
575 2071 789 2139 informatione
810 2082 840 2138 ct
861 2081 947 2153 voto,
979 2057 1115 2156 cumque
1131 2091 1207 2154 con-

65 2196 191 2246 sensum
214 2179 448 2243 conditionatum
472 2199 487 2242 a
510 2179 627 2242 Joanne
651 2183 835 2258 praestitum,
859 2197 1008 2242 unacum
1032 2177 1207 2254 exclusione

66 2269 207 2364 copulae,
229 2282 400 2344 Eminentia
415 2281 480 2345 Sua
504 2284 618 2342 asserat
640 2279 758 2361 probari
785 2298 826 2344 cx
848 2281 928 2344 dicto
951 2285 1105 2361 utriusque
1126 2296 1207 2353 con·
1239 2330 1241 2334 ⁴

61 2387 162 2470 Juque,
195 2389 346 2465 proposita
376 2381 432 2445 fuit
453 2383 576 2447 Joannis
607 2387 749 2445 instantia
778 2387 857 2444 inter
878 2382 1044 2446 Summaria
1073 2375 1206 2462 precum,

63 2493 98 2562 et
121 2487 233 2550 dictum
254 2487 319 2564 luit,
346 2487 425 2568 quod
444 2491 691 2568 proponeretur
682 2505 715 2550 ιιι
734 2486 815 2562 lolio,
838 2493 868 2548 et
890 2485 970 2568 quod
989 2487 1097 2548 Annae
1114 2501 1207 2566 prae-

67 2590 215 2673 figeretur
238 2594 383 2652 terminus
410 2590 446 2651 ad
468 2607 522 2652 sua
545 2592 615 2672 jura
643 2588 854 2651 deducenda
846 2608 877 2651 ιιι
901 2587 930 2652 S
954 2587 1205 2698 Congregatione,

65 2710 147 2774 quae
170 2695 289 2754 termini
311 2691 454 2772 praefinio
478 2693 533 2755 luit
555 2697 727 2755 executioni
751 2692 896 2756 mandata

154 2795 248 2858 Error
269 2795 420 2877 qualitatis
442 2815 503 2859 non
526 2797 596 2858 lacit
620 2799 794 2878 conjugium
817 2799 945 2873 irritum,
964 2797 1050 2876 J'uxta
1071 2793 1208 2854 Cauon'es

67 2921 84 2963 a
106 2899 248 2964 Gratiano
271 2897 413 2960 collectos
436 2902 467 2958 iu
491 2916 581 2963 causa
603 2897 653 2964 29.
677 2904 792 2980 quaest.
819 2903 856 2976 1.,
880 2896 934 2960 sed
956 2897 986 2958 id
1009 2897 1153 2958 limitatur
1174 2895 1208 2956 in

67 2993 151 3079 casu,
174 3021 233 3082 quo
254 3005 321 3083 quis
339 3020 488 3081 expresse
510 3008 691 3081 protestetur
705 3018 738 3064 se
757 3001 934 3064 contrahere
952 2995 1207 3075 suh‘condinone',

67 3106 150 3187 quod
178 3106 247 3168 talis
275 3105 402 3185 qualitas
432 3107 501 3166 insit
523 3121 685 3184 personae,
719 3122 867 3184 cumque
894 3099 950 3164 init
973 3101 1206 3192 matrimonium,

68 3216 142 3271 tunc
165 3212 275 3270 etenim
299 3213 437 3292 cessante
460 3199 645 3284 conditione,
668 3213 716 3272 cui
739 3224 907 3270 consensus
928 3210 1082 3284 innititur,
1107 3204 1209 3266 delicit

69 3317 186 3393 etipse
210 3328 375 3374 consensus
399 3311 598 3372 essentialiter
620 3311 656 3373 ad
680 3314 900 3372 matrimonium
923 3312 1101 3388 requisitus,
1121 3308 1208 3389 juxta

69 3417 129 3476 late
149 3413 255 3476 tradita
277 3431 331 3494 per
353 3414 482 3476 Galasut
504 3419 536 3476 iri
559 3413 667 3476 lheor
690 3419 720 3475 et
741 3431 824 3494 prax.
847 3411 929 3474 luris
948 3409 1088 3474 Canonic.
1113 3407 1206 3514 ιιιι.3.

69 3517 170 3580 ι..22
194 3535 222 3578 n.
246 3513 275 3578 2.

156 3619 190 3680 ιιι
212 3637 256 3696 re,
280 3618 318 3679 de
342 3637 400 3699 qua
423 3637 503 3680 nunc
516 3623 625 3702 agitur,
650 3616 784 3680 delectus
802 3617 955 3698 qualitatis
976 3617 1064 3698 plene
1087 3613 1117 3676 ιι
1139 3609 1207 3688 ιιι,-

69 3723 206 3784 licientcr
227 3719 335 3782 deduci
358 3739 419 3784 non
436 3725 540 3802 'potest
561 3740 600 3783 ex
623 3721 754 3783 editione
773 3720 864 3801 prolis
886 3726 954 3800 post
975 3726 1093 3782 sextum
1117 3736 1206 3782 men-

69 3841 132 3886 sem
156 3841 174 3884 a
195 3821 244 3883 die
266 3827 332 3886 initi
362 3829 557 3901 matrimonii,
589 3844 657 3888 oum
687 3820 840 3908 legitimus
869 3829 900 3884 et
921 3823 1019 3885 vitalis
1047 3827 1208 3886 censeatur

69 3933 200 4008 partus,
219 3925 329 3989 nedum
353 3929 450 3990 editus
472 3935 573 4007 sexto,
604 3927 658 3990 sed
685 3932 774 3991 etiam
804 3931 909 4007 quinto
940 3941 1058 4001 mense,
1091 3930 1124 3988 ut
1145 3925 1205 3988 late

68 4029 192 4112 probant
217 4027 363 4095 Coronea
385 4033 424 4094 de
442 4038 539 4114 portu
561 4032 710 4110 naturali,
731 4051 759 4095 c.
770 4028 800 4096 9.
816 4027 919 4112 t432.
935 4049 965 4094 ιι.
977 4027 1006 4094 2
1030 4033 1060 4092 ιι
1072 4029 1205 4120 Ιιιιι...,
