2764 4664
408 237 446 290 lle
465 235 639 292 celebratione
658 237 815 310 Nuptiarum.

575 487 603 556 s.
628 479 679 545 73.

415 614 468 678 De
486 613 597 678 Missa
614 627 678 688 pro
697 613 846 688 sponsis.
865 616 868 621 ’

151 769 172 830 l.
206 769 279 832 (ium
309 767 382 830 nihil
413 772 552 832 usitatius
582 767 672 830 luerit
701 772 732 830 ln
754 771 850 830 veteri
872 767 1022 851 Ecclesia,
1054 789 1144 853 quam
1167 779 1199 838 ut

56 876 184 953 nuptiae
206 891 267 936 non
289 873 378 936 modo
395 875 506 935 virtute
529 873 708 935 sacramenti
731 872 762 933 et
780 871 992 937 bencdictione
1010 856 1219 954 sacerdotalis

55 974 112 1038 sed
137 979 228 1039 ctiam
249 977 397 1040 fructibus
419 993 458 1040 ss.
482 975 593 1038 blissae
615 973 753 1037 sacrificii
780 981 1033 1039 consecrarentur
1055 995 1090 1039 ac
1113 983 1197 1060 quasi

54 1078 318 1158 confirmarentur,
341 1077 497 1162 parochus,
521 1079 592 1140 licet
615 1093 742 1158 sponsos
765 1083 896 1157 nequeat
918 1077 1060 1164 adigere,
1092 1081 1199 1144 sallem

54 1181 224 1244 admouere
247 1181 352 1262 dehet,
382 1187 415 1244 ut
436 1185 503 1262 post
525 1185 711 1244 contractum
741 1181 988 1244 matrimonialem
1011 1187 1063 1245 aaut
1086 1183 1196 1248 blissae

54 1288 211 1362 intersint,
234 1290 285 1347 aut
307 1301 360 1366 pro
383 1281 548 1346 sellissam
565 1283 630 1345 Deo
653 1281 754 1345 ollerrl
776 1289 946 1361 procurem,
972 1290 1002 1347 et
1019 1285 1098 1350 inira
1121 1304 1198 1350 ean-

56 1387 131 1450 dem
154 1386 395 1449 benedictlonem
418 1388 574 1466 recipiant.
613 1383 699 1458 Quod
721 1389 755 1446 ut
776 1387 876 1447 minus
898 1383 1021 1450 difficile
1042 1386 1197 1468 habeatur,

55 1490 236 1552 adnotamus
260 1489 292 1565 1)
308 1488 495 1552 sacerdotem
519 1505 581 1550 non
604 1491 701 1550 teneri
715 1487 836 1551 blissam
859 1487 1008 1570 applicare
1030 1507 1084 1571 pro
1103 1507 1199 1574 spon-

56 1596 111 1670 sis,
131 1592 209 1656 inlra
226 1609 315 1674 quam
335 1591 395 1656 iliis
413 1589 584 1654 benedictio
603 1590 700 1668 datur,
718 1593 775 1652 nisi
794 1590 830 1653 ab
849 1590 956 1654 llsmm
973 1594 1199 1674 eleemosynam

56 1699 201 1776 accipiat,
224 1696 259 1771 2)
279 1695 354 1758 hanc
375 1693 496 1757 blissam
520 1700 588 1774 post
606 1697 791 1756 contractum
814 1709 914 1756 coram
938 1693 1069 1775 parocho
1092 1699 1199 1758 matri-

58 1802 195 1860 monium
218 1797 256 1860 dc
279 1799 345 1880 ejus
367 1796 489 1879 licentia
506 1814 595 1879 posse
618 1795 655 1859 ab
678 1795 737 1860 alio
760 1794 917 1860 sacerdote
933 1798 1077 1861 celebrari
1084 1817 1093 1875 ;
1117 1795 1153 1873 3)
1166 1801 1199 1863 in

57 1899 167 1964 eadem
189 1901 281 1964 llissa
308 1901 410 1982 plures
438 1915 527 1982 posse
555 1915 682 1979 sponsos
714 1898 851 1961 benedici
857 1896 904 1976 3¹)
934 1897 969 1976 4)
995 1901 1054 1964 illis
1077 1899 1192 1980 dicbus,

58 2005 170 2084 quibus
192 2003 284 2068 blissa
305 2003 414 2067 Votiva
439 2021 494 2083 pro
517 2018 629 2084 sponso
658 2007 688 2064 et
714 2019 825 2083 sponsa
852 2003 937 2085 juxta
967 2003 1045 2066 inira
1075 2001 1199 2068 dicenda

58 2108 120 2170 dici
144 2125 206 2169 non
227 2111 336 2188 potest,
360 2105 439 2168 inira
453 2105 575 2169 blissam
593 2103 653 2168 dici
671 2103 798 2168 eandem
816 2121 906 2186 posse
928 2104 994 2169 dari
1010 2105 1200 2170 henedictio-

57 2227 130 2271 nem
153 2226 194 2270 ex
210 2207 323 2273 blissali
347 2225 414 2270 cum
436 2211 721 2272 commemoratione
735 2206 845 2271 Missae
868 2211 989 2272 votivae
1011 2225 1066 2291 pro
1089 2225 1200 2291 sponso

57 2318 90 2374 et
112 2329 235 2394 sponsa.

147 2414 183 2478 ll.
206 2415 272 2478 lam
295 2417 327 2478 in
341 2408 709 2478 Sacramento‘Gclasianc
730 2416 885 2476 invenitur
905 2412 971 2476 iere
990 2413 1096 2478 eadem
1109 2413 1199 2481 lllssa

57 2521 161 2581 votiva
183 2535 237 2598 pro
260 2533 372 2598 sponso
394 2521 425 2578 ct
447 2532 567 2596 sponsa,
591 2531 668 2596 quae
689 2513 852 2579 hodiedum
868 2519 905 2578 'ln
927 2514 1039 2578 blissall
1061 2515 1196 2582 llomano

57 2624 140 2682 inter
153 2619 261 2682 Missas
277 2623 395 2682 votivas
416 2617 551 2696 hahetur,
575 2635 611 2682 ac
631 2623 730 2699 potest
751 2618 810 2682 dici
833 2635 873 2680 en
895 2618 1016 2700 speciali
1040 2619 1199 2704 privilegio

58 2721 200 2786 omnibus
231 2720 353 2799 diebus,
383 2725 500 2784 etiamsi
522 2719 573 2784 fiat
601 2719 733 2785 officium
756 2727 787 2784 et
807 2721 898 2785 llllssa
920 2721 957 2784 dc
980 2720 1057 2786 festo
1087 2721 1196 2804 duplici

57 2843 114 2909 per
137 2842 268 2903 annum,
292 2827 357 2887 sive
379 2824 499 2905 majori,
524 2827 590 2887 sive
612 2828 738 2905 minori,
762 2828 898 2905 exceptis
921 2830 1033 2888 tamen:

87 2928 124 3008 l)
147 2927 287 2990 omnihus
309 2927 475 2989 Dominicis
502 2931 533 2988 et
555 2925 640 2991 lestis
661 2931 694 2991 in
716 2925 783 2991 loro
810 2925 1024 3004 observandis,
1056 2945 1113 2990 nco
1135 2943 1196 2994 non

147 3029 315 3112 duplicibus
337 3033 453 3114 primae
474 3033 504 3090 et
527 3028 677 3093 secundae
699 3026 847 3106 classis.⁸)

83 3136 123 3214 2)
153 3133 295 3216 Exceptis
318 3135 409 3195 etiam
431 3137 496 3194 toto
514 3129 625 3197 Octava
647 3131 827 3216 Epiphaniae
850 3137 881 3195 ct
902 3131 1007 3216 vigilia
1030 3139 1197 3216 octavaque

147 3236 357 3314 Pentecostes,
393 3233 442 3296 die
469 3239 575 3300 octava
605 3233 746 3318 Corporis
775 3233 902 3316 Christi,
934 3235 1062 3316 aliisque
1093 3233 1199 3298 dicbus

145 3336 274 3420 duplicia
305 3335 456 3402 secundae
487 3336 591 3402 classis
622 3333 902 3417 excludentibus.³)
951 3337 1029 3400 llinc
1057 3342 1083 3400 sl
1115 3336 1199 3403 hisce

145 3439 252 3510 diebus
274 3441 497 3503 matrimonium
520 3439 794 3516 celebracione,
828 3443 918 3506 llissa
941 3445 988 3503 est
1010 3439 1136 3503 dicenda
1159 3440 1197 3502 de

142 3531 210 3622 die,
240 3561 307 3606 cum
331 3545 617 3608 commemoratione
639 3543 750 3609 Missae
772 3561 826 3625 pro
848 3559 959 3626 sponso
981 3547 1013 3605 et
1034 3559 1143 3624 sponsa
1166 3548 1197 3606 et

60 3717 270 3730 ‘uu——

83 3820 107 3886 ¹)
127 3817 151 3871 S.
174 3813 203 3868 0.
220 3814 335 3885 inquisit.
355 3813 378 3866 1.
397 3813 464 3882 Sept.
485 3813 560 3870 teil.
578 3815 694 3870 lastruct.
714 3825 776 3888 past.
795 3815 866 3886 Eyst.
890 3833 914 3886 p.
932 3813 1013 3872 ³03.-

84 3905 108 3971 ι)
129 3902 155 3956 S.
174 3901 204 3954 R.
222 3899 251 3953 0.
270 3901 312 3952 20.
330 3899 451 3954 Decemb.
472 3899 547 3956 1783.

85 3990 110 4060 1)
130 3987 157 4043 s
174 3985 205 4042 u.
224 3983 254 4043 c.
277 3986 320 4040 ao.
338 3986 417 4058 epu.
436 3985 510 4040 maa.
