2746 4646
158 174 202 240 ⁹0
405 185 443 240 lte
459 186 646 254 impertinentia
664 189 852 240 matrimonium
871 185 1053 240 dirimentibus.

245 347 433 427 baptizatam,
456 347 592 424 quamvis
615 361 718 408 errore
746 347 871 422 initum,
895 343 1025 405 validum
1041 348 1106 419 erit,
1133 347 1189 404 nisi
1215 360 1304 405 error

245 467 284 509 ex
313 451 546 512 circumstantiis
577 451 608 508 in
639 464 797 527 personam
829 445 992 522 redundet,
1033 445 1082 508 vel
1114 463 1169 526 per
1199 446 1302 529 legem

244 549 404 631 specialem
435 551 555 612 civitem
589 551 647 612 lule
682 553 900 612 matrimonium
932 552 1076 612 irritatum
1100 550 1226 626 esset.¹)
1271 551 1302 613 Si

246 659 345 716 autom
382 671 470 714 serva
500 657 635 733 nupserit
664 656 748 728 viro,
790 669 879 732 quem
909 651 1031 732 putabat
1068 671 1136 714 esse
1171 654 1299 716 liborum

246 763 297 830 (ac
319 759 386 816 vice
416 762 535 837 versat,
560 755 696 838 quamuis
725 773 830 816 revera
859 761 1042 832 amasset,
1076 762 1177 820 manet
1209 757 1300 840 ligata

248 862 447 938 matrimonio,
479 878 546 922 nam
561 920 562 926 ,
575 859 632 922 sihi
654 859 763 940 injuria
795 875 854 920 uon
873 862 918 918 est
932 855 1018 934 lacta,
1043 863 1073 920 et
1094 861 1299 940 impedimen-

246 966 309 1024 tum
333 961 473 1024 statutum
498 969 554 1041 est,
577 969 610 1026 ut
631 962 726 1026 libero
748 959 958 1034 consulatur.²)
982 995 1025 1008 —·

677 1105 706 1171 ς.
730 1095 780 1160 28.

540 1227 569 1294 b)
588 1229 628 1279 de
653 1227 915 1280 conditionibus.

203 1311 206 1314 ¹
248 1327 268 1387 1.
293 1323 438 1408 theologi
471 1329 670 1386 communiter
700 1329 839 1397 monent,
882 1343 920 1385 ne
957 1325 1130 1389 sacerdotes
1167 1345 1299 1408 unquam

161 1435 271 1510 nuptiis
295 1433 445 1505 assistant,
470 1431 574 1508 eisque
598 1426 789 1502 benedicant,
823 1445 900 1507 quac
930 1447 1078 1492 consensu
1108 1429 1163 1490 sub
1192 1429 1300 1491 condi-

162 1538 242 1595 tione
265 1533 333 1594 dato
356 1519 515 1608 ineuntur,
552 1531 657 1592 saltem
688 1533 804 1610 propria
834 1535 1029 1610 auctoritate,
1064 1537 1124 1593 tum
1157 1535 1228 1612 quia
1258 1537 1299 1592 sic

163 1639 394 1711 matrimonium,
417 1633 521 1694 saltem
545 1637 660 1695 ratione
684 1633 883 1700 Sacramenti.
911 1635 1043 1712 periculo
1076 1631 1218 1696 nullitalis
1242 1655 1299 1694 ox-

163 1743 341 1818 poneretur,
366 1741 445 1813 tum,
478 1739 546 1816 qula
579 1739 734 1798 innumera
765 1741 794 1795 et
819 1739 946 1798 maxima
975 1736 1163 1799 incommoda
1188 1747 1226 1798 ex
1251 1737 1298 1798 tali

163 1839 251 1902 modo
274 1839 538 1919 subsequerentur,
563 1857 687 1919 nempe:
712 1837 895 1917 scandalum,
916 1839 1027 1922 jurgia,
1058 1840 1211 1922 aurbages,
1236 1841 1299 1902 dii-

163 1941 309 2004 iicuttates
332 1938 421 2017 etc.³)
466 1943 538 2004 Cum
561 1947 660 2003 autem
684 1939 852 2022 hujusmodi
877 1941 1057 2005 conditionis
1090 1943 1298 2004 matrimoniali

162 2049 327 2107 contractui
352 2049 440 2107 etiam
466 2050 599 2126 privatim
622 2062 677 2107 seu
700 2045 885 2106 clandestine
907 2049 1058 2126 appositae
1090 2063 1128 2106 ex
1145 2046 1216 2126 ¹jure
1240 2064 1299 2108 na-

162 2147 248 2208 turali
273 2154 303 2208 et
326 2149 532 2212 ecclesiastico
556 2149 672 2228 plenam
703 2151 762 2208 vim
793 2147 937 2227 habeant,
977 2149 1014 2211 de
1050 2149 1108 2210 illis
1142 2152 1298 2228 speciatim

161 2249 310 2333 agendum
334 2258 387 2314 est.
435 2250 631 2313 Conditr'ones
654 2250 796 2334 distingui
819 2251 917 2312 solent
943 2250 974 2330 1)
998 2255 1030 2312 iu
1047 2251 1234 2314 conditiones
1257 2251 1297 2312 de

159 2355 341 2430 praeterito,
364 2352 401 2414 de
421 2357 590 2434 praesenti,
614 2353 651 2415 de
673 2343 793 2436 fullero,
825 2353 860 2430 2)
884 2359 914 2415 in
934 2356 1100 2434 possibiles
1123 2361 1153 2415 ct
1178 2357 1299 2434 impes-

152 2455 275 2532 'ribr'lea
298 2455 333 2534 3)
357 2463 385 2518 in
409 2456 554 2519 honestos
578 2462 608 2516 et
630 2463 746 2538 turpes,
771 2455 806 2532 4)
828 2461 859 2518 in
883 2455 1069 2518 conditiones
1091 2463 1122 2518 in
1144 2455 1202 2518 hoc
1225 2475 1298 2518 casu

159 2559 327 2638 particulari
350 2561 541 2622 matrimonii
566 2559 760 2641 substantioe
788 2565 998 2642 repopocntes
1026 2565 1057 2622 et
1089 2578 1149 2622 uon
1178 2579 1298 2640 repop-

159 2668 278 2724 nontes.
607 2656 611 2659 ’
1024 2722 1030 2732 .

245 2763 282 2824 ll.
313 2761 450 2829 Conditio
472 2765 509 2826 dc
524 2767 695 2847 praeterito
718 2765 766 2828 vel
779 2769 941 2846 praesenti
963 2785 989 2828 v.
1014 2786 1043 2850 g.
1067 2771 1092 2828 si
1117 2772 1200 2846 pater
1225 2773 1293 2828 tuus

160 2871 198 2927 sit
221 2873 366 2944 mortuus,
389 2867 449 2944 vel,
472 2871 496 2928 si
520 2873 562 2928 sis
579 2867 697 2942 nobilis,
723 2887 783 2930 non
806 2869 961 2949 suspendit
977 2873 1213 2946 matrimonium,
1237 2873 1295 2930 nisi

191 3105 212 3170 ¹)
232 3104 384 3175 Schmalrpr.
402 3103 523 3156 Saricha.
543 3105 584 3156 tili.
605 3106 655 3158 Vll.
674 3105 739 3172 disp.
759 3106 799 3157 ta.
818 3124 842 3158 u.
864 3107 903 3159 17.

190 3193 212 3256 ²)
232 3191 340 3244 ilenricln
358 3192 380 3244 l„
392 3207 414 3241 c.
433 3191 467 3242 Dc
488 3191 611 3260 conjugiis
630 3208 760 3246 servorum
786 3209 836 3244 non
855 3192 1037 3260 baptizatorum
1062 3197 1100 3260 (et
1118 3197 1193 3246 etiam
1212 3193 1297 3260 bapti-

227 3285 338 3328 zaturum
357 3277 426 3328 extra
446 3276 605 3343 Ecclesiam),
623 3277 757 3330 dicendum
775 3277 887 3330 videtur:
918 3278 1051 3348 „Plerique
1069 3295 1156 3332 corum
1175 3287 1296 3330 contrac-

229 3371 268 3414 tus
288 3378 336 3414 uon
356 3361 448 3414 habent
471 3362 582 3431 conjugii
608 3365 675 3426 vim,
699 3380 776 3434 quum
803 3366 904 3416 unimus
930 3365 1022 3416 vinculi
1049 3367 1163 3433 perpetui
1191 3374 1297 3416 contra·

230 3447 305 3500 luendi
324 3447 372 3500 illis
390 3449 463 3510 desit,
481 3458 506 3500 et
523 3449 632 3500 conditio
651 3451 785 3508 consensui
810 3459 964 3518 apponatur:
992 3459 1165 3520 quapropter,
1191 3453 1236 3520 qui
1265 3450 1297 3500 ad

229 3533 302 3584 fldem
321 3533 468 3586 catholicam
487 3537 601 3598 veniunt,
620 3534 661 3588 vcl
679 3535 711 3586 ad
730 3535 821 3588 bonam
845 3536 942 3606 frugem
970 3537 1136 3606 rediguntur,
1159 3545 1211 3588 aas
1234 3545 1297 3588 wat

225 3619 304 3684 facile
322 3619 438 3687 cogendi,
461 3627 488 3670 ut
512 3619 629 3672 deseram
652 3638 726 3690 quam
751 3621 866 3690 conjugis
891 3624 992 3676 nomine
1015 3625 1139 3683 habunt,
1159 3625 1205 3677 etri
1229 3623 1297 3674 aliae

227 3721 285 3756 cum
302 3704 394 3773 quibus
408 3705 462 3770 J‘am
480 3715 675 3767 conraeueruut,
693 3709 718 3760 in
737 3709 803 3760 vivis
820 3707 972 3778 depantvel
990 3708 1126 3767 decatum
1145 3716 1225 3760 morte
1244 3724 1297 3760 non

227 3800 338 3844 mactet:
374 3791 418 3844 red
446 3790 602 3853 curandum,
633 3800 662 3842 at
698 3809 785 3844 cerum
812 3811 871 3846 cum
899 3811 933 3846 cc
956 3796 1061 3848 tuctur
1084 3797 1243 3862 conjugium.
1272 3825 1297 3833 --

228 3877 244 3928 l.
263 3894 285 3930 c.
306 3896 329 3946 p.
348 3879 408 3940 ³30,
426 3877 485 3930 331.

188 3963 211 4029 ⁸)
229 3961 307 4029 Gury.
326 3979 350 4015 n.
371 3961 444 4016 itur.
463 3971 489 4014 ct
506 3961 548 4014 alii
570 3965 744 4020 communitor.
