2746 4646
165 183 210 260 64
430 204 467 264 oa
485 201 885 278 inpedimcntisinpedimentis
903 205 930 262 ln
947 205 1040 277 specie.

167 373 266 448 potest
280 367 304 444 ¹)
333 384 373 428 ex
399 367 568 432 rationabili
596 367 732 444 oauaa.²)
768 367 805 444 2)
827 368 857 434 St
879 371 912 428 in
938 367 1006 430 loco
1027 365 1217 430 habitationis
1242 369 1304 449 jam

168 488 222 550 per
244 475 377 551 quinque
399 490 498 534 annos
514 475 655 550 vixerint,
679 471 920 534 denuntiationes
942 469 1007 530 lieri
1030 468 1139 532 debent
1160 475 1193 532 in
1215 476 1306 533 utro-

168 591 228 654 que
250 573 333 651 loco,
356 577 383 635 si
405 573 549 636 duntaxat
570 575 869 654 quasi-domicilium
891 579 923 635 in
944 573 1012 636 loco
1035 571 1227 636 habitationis
1250 574 1306 637 sibi

168 679 409 755 acquisiverunt3
433 674 467 752 3)
490 681 516 740 st
538 681 637 740 numm
657 695 711 758 per
727 681 860 759 quinque
882 695 978 742 annos
993 693 1098 738 verum
1121 676 1305 738 domicilium

167 778 280 840 ibidem
308 776 451 856 habeant,
484 783 515 840 in
543 784 643 859 priore
674 782 742 844 loco
770 780 1012 844 denuntiationes
1044 782 1139 842 omitti
1169 786 1305 858 possunt.

167 880 380 960 Reilienstuel,
403 863 508 946 auctor
529 882 567 944 de
590 882 644 944 bac
666 888 789 946 materia
811 882 1051 963 probatissimus,
1084 887 1191 959 sentit,
1222 901 1307 944 uun·-

145 1066 147 1069 .
170 1003 260 1064 quam
283 984 379 1046 videri
402 989 623 1063 necessarium,
647 992 680 1048 ut
702 986 944 1050 denuntiationes
967 984 1039 1048 bant
1060 989 1091 1046 in
1114 985 1182 1048 loco
1205 989 1306 1066 priore

170 1103 226 1150 sau
248 1089 427 1165 nativitatis,
458 1088 576 1168 quando
605 1093 663 1168 ipsi
685 1093 789 1168 sponsi
812 1090 873 1170 Jam
903 1091 957 1169 per
986 1092 1118 1168 quinque
1149 1106 1245 1152 annos
1275 1093 1307 1150 in

168 1189 227 1252 alio
249 1195 407 1252 versantur
428 1191 510 1268 loco,
534 1191 644 1272 ubique
667 1196 783 1256 ratione
805 1191 947 1254 domicilii
970 1191 1020 1252 vel
1042 1191 1306 1271 quasi-domicilii

168 1292 343 1372 parochiani
372 1291 471 1356 effecti
496 1287 585 1372 sunt,
618 1299 794 1373 pracsertim
823 1299 849 1356 si
877 1294 962 1358 locus
992 1297 1152 1356 nativitatis
1180 1293 1307 1355 multum

170 1395 276 1474 distet;
307 1414 361 1476 pro
383 1396 500 1460 cautela
523 1403 624 1460 tamen
647 1397 730 1460 addit
751 1397 831 1458 idem
853 1402 971 1472 auctor,
1003 1401 1034 1458 in
1055 1395 1112 1460 hoc
1133 1413 1206 1458 casu
1227 1397 1309 1458 bene

171 1497 318 1562 iacturum
340 1497 519 1577 parcebam,
543 1503 568 1560 si
590 1499 629 1562 ab
650 1500 829 1582 alienigenis
848 1499 1051 1580 juramentum
1075 1503 1196 1580 exigat,
1227 1499 1310 1578 quod

171 1605 232 1664 sint
253 1600 340 1663 liberi
364 1599 401 1664 ab
423 1604 505 1662 omni
528 1601 648 1664 vinculo
670 1605 850 1664 matrimonii
873 1607 904 1663 et
926 1597 1156 1682 sponsalium.³)

256 1702 443 1766 Matrimonia
460 1701 612 1782 Vaporem
629 1704 797 1768 denuntiari
815 1704 925 1766 debent
946 1704 1071 1778 inicos,
1091 1709 1124 1766 in
1142 1722 1203 1786 quo
1221 1704 1309 1766 cele-

170 1806 310 1884 brantur,
333 1811 365 1866 et
385 1808 417 1866 in
440 1805 507 1868 loco
530 1811 674 1889 originis,
698 1812 875 1889 inquantum
897 1806 963 1868 fieri
987 1802 1129 1886 potesat)

257 1907 305 1970 Vl.
328 1906 475 1988 Praecipit
495 1912 620 1988 insuper
642 1909 753 1974 Concil.
773 1909 864 1987 ind,
888 1916 921 1972 ut
943 1909 1191 1989 proclamationes
1214 1910 1288 1972 liant

195 2001 237 2088 a)
260 2011 361 2074 tribuo
381 2009 504 2088 [asticis
525 2012 635 2074 diebos
656 2015 810 2076 continuis
832 2016 851 2076 i.
875 2031 901 2074 e.
924 2017 1004 2074 tuter
1025 2029 1101 2092 quos
1124 2030 1184 2074 non
1206 2017 1309 2073 inter-

258 2113 369 2176 cedunt
400 2113 449 2176 alii
478 2113 544 2176 dics
571 2114 688 2193 festivi,
720 2119 777 2178 etsi
806 2114 996 2178 intercedere
1024 2119 1138 2194 possint
1166 2120 1198 2176 et
1221 2103 1327 2195 juxta'

260 2215 360 2295 plures
382 2215 513 2278 debeant
534 2217 583 2279 alii
607 2217 672 2278 dies
695 2235 755 2281 non
777 2218 892 2295 festivi,
918 2224 958 2294 ut,
986 2217 1143 2280 intervallo
1167 2221 1311 2296 temporis

259 2323 500 2398 interveniente,
531 2321 640 2384 melius
669 2319 770 2404 detegi
801 2320 921 2384 valeant
949 2321 1162 2401 impedimenta
1170 2339 1179 2394 ;
1212 2336 1312 2399 neque

260 2427 362 2484 temen
382 2427 572 2504 interpositio
600 2427 689 2490 unius
712 2422 772 2484 diei
795 2422 963 2496 dominicae
986 2424 1035 2486 vel
1061 2422 1188 2485 duorum
1211 2421 1312 2484 sesto-

259 2543 326 2586 rum
357 2527 499 2590 moralem
521 2525 597 2590 banc
626 2529 880 2590 continuationem
902 2530 1123 2605 interrumpere
1152 2530 1311 2601 censetur3

259 2633 285 2692 si
308 2646 382 2692 vero
405 2628 483 2692 lacta
505 2647 565 2692 uua
587 2629 637 2692 vel
659 2629 753 2692 altera
776 2627 1010 2708 proclamatione
1033 2645 1115 2692 mora
1138 2627 1216 2690 ultra
1238 2626 1315 2690 duos

258 2749 379 2794 menses
401 2732 617 2812 interjioiatur,
649 2749 702 2796 aas
725 2731 825 2796 denuo
847 2735 943 2811 repeti
969 2735 1136 2794 communis
1164 2735 1314 2792 sententia

202 2950 224 3016 ¹)
243 2949 342 3018 lluopp,
361 2967 386 3017 p.
398 2950 456 3002 ³86.
474 2952 499 3014 s.
511 2951 554 3002 36.
572 2950 616 3002 uhi
633 2951 676 3002 cit.
694 2948 798 3013 Giraldi,
815 2948 1078 3017 reposcerentur.
1096 2959 1157 3004 tom.
1171 2952 1197 3004 θ.
1216 2968 1241 3017 p.
1256 2953 1314 3002 992.

199 3065 201 3073 -
244 3051 269 3086 ιι.
290 3035 329 3088 10.
349 3036 389 3088 11.
408 3043 434 3086 et
452 3033 578 3086 Cardinal.
597 3034 629 3086 de
643 3034 749 3088 bucera.
769 3036 842 3088 lustr.
861 3051 905 3088 sur
922 3034 1077 3090 l’administr.
1095 3037 1140 3088 des
1156 3033 1314 3090 Sacramens.

244 3127 303 3172 tom.
323 3122 346 3172 3.
366 3138 390 3190 p.
410 3121 468 3172 362.
495 3119 608 3172 Carribre
626 3123 651 3186 5.
670 3122 729 3174 391.

202 3205 225 3270 ἵ)
244 3205 378 3258 instructio
398 3206 529 3274 pastoralis
546 3203 617 3272 Eyst.
637 3225 660 3274 p.
680 3209 739 3260 355.
758 3209 783 3274 S.
802 3208 825 3258 2.
845 3207 864 3258 l.

203 3289 226 3356 1)
245 3287 290 3341 Jus
309 3289 444 3345 Canonico.
463 3292 494 3344 de
512 3291 561 3343 hoo
579 3294 614 3343 tit.
633 3309 658 3344 n.
680 3293 719 3345 14.

185 3374 226 3443 ,4)
245 3373 352 3429 (lumin
371 3378 409 3430 bis
427 3377 575 3448 regionibus
594 3381 670 3430 nim-is
689 3377 791 3428 difficile
809 3379 855 3440 sit,
873 3377 948 3428 ¹hanc
966 3376 1048 3447 legem
1067 3379 1152 3430 stricte
1169 3379 1315 3440 observare,

245 3462 294 3516 boc
313 3464 346 3516 ad
364 3467 492 3516 minimum
516 3468 543 3516 in
561 3467 659 3516 statutis
677 3464 833 3516 dioecesanis
850 3463 1016 3516 insistendum
1040 3480 1096 3516 esse
1114 3465 1186 3518 nobis
1204 3465 1315 3528 videtur,

235 3549 274 3618 l)
292 3559 320 3602 ut
332 3550 536 3602 denuntiationes
554 3566 655 3617 semper
672 3553 698 3601 in
712 3559 824 3622 utroque
842 3550 963 3618 parocbia
981 3551 1036 3602 lieri
1054 3550 1172 3613 debeant,
1190 3554 1212 3604 si
1230 3553 1316 3620 sponsi

245 3645 304 3687 sunt
327 3653 358 3688 ex
381 3635 481 3689 diversa
505 3636 638 3703 parochia3
662 3639 690 3702 2)
708 3645 749 3699 ut,
773 3639 793 3687 ai
817 3639 905 3703 spousi
928 3645 1029 3705 praeter
1051 3653 1140 3689 verum
1163 3637 1316 3688 domicilium

246 3725 320 3774 etiam
337 3725 363 3774 in
381 3724 430 3775 alio
448 3723 503 3774 loco
522 3724 593 3791 qnasi
611 3721 763 3774 domicilium
782 3722 907 3789 habeant,
925 3741 974 3776 nec
991 3725 1066 3776 nimis
1084 3723 1173 3783 distet,
1197 3725 1225 3774 in
1244 3731 1315 3774 utro-

246 3824 296 3877 que
314 3809 369 3861 loco
387 3811 490 3878 nuptiae
508 3807 712 3876 promulgentur3
731 3811 759 3875 3)
773 3817 809 3873 ut,
826 3811 848 3862 si
863 3810 896 3862 ob
908 3812 1011 3862 nimiam
1028 3811 1172 3864 distantiam
1188 3817 1233 3860 aut
1245 3811 1316 3860 simi-

246 3894 296 3945 lem
320 3910 423 3946 oausam
440 3893 642 3946 denuntiationes
658 3893 734 3946 modo
757 3894 825 3948 dicto
843 3896 898 3948 fleri
916 3905 1060 3965 nequeant,
1084 3894 1199 3948 deiectus
1217 3909 1314 3964 suppo-

250 3978 331 4031 leatur
347 3980 432 4050 aliqua
449 3980 562 4047 mutale,
580 3982 637 4034 sive
655 3997 701 4050 per
718 3989 809 4047 testes,
827 3983 882 4036 sive
900 3998 946 4052 per
959 3981 1142 4049 juramentum.
