2742 4660
343 261 381 314 na
398 259 584 329 amara-nu
601 260 755 316 anama
773 260 799 312 n
815 273 919 328 μιιοκ.
1152 237 1192 308 31

191 420 293 494 Error,
316 418 464 495 conditio,
487 423 607 495 votum,
632 419 787 500 cognatio,
812 420 944 493 crimen,
1079 491 1083 498 ²

188 523 292 585 Cultus
314 520 489 601 disparitas,
513 526 573 596 vis,
598 520 689 598 ordo,
714 519 859 601 ligamen,
883 517 1039 594 honestas,

186 627 294 702 netas,
319 625 432 702 aiiinis,
455 629 481 686 st
504 619 736 686 clandestinus*
759 628 789 684 et
810 627 924 700 impos,

185 727 216 791 Si
240 728 347 790 molior
369 732 407 790 sit
428 733 526 807 rapta,
551 727 618 790 loeo
641 743 697 788 ner
720 724 855 788 redditur
878 730 957 800 tuto;

189 831 271 894 Haeo
295 830 429 892 iacienda
452 835 554 892 vetant
577 828 740 906 connubia,
765 827 840 890 saeta
864 831 1032 892 retractant,

142 934 190 997 tv.
212 933 257 994 Ex
280 934 325 996 iris
347 939 484 1014 spectant
505 932 542 994 ed
564 931 778 1018 impedimenta
794 929 881 1005 jorio
900 933 1036 1010 privati:

86 1038 118 1106 1)
143 1037 250 1116 Ειιοι,
275 1035 309 1104 2)
333 1041 379 1096 ris
402 1041 432 1096 ot
455 1041 567 1110 metus,
593 1032 629 1106 3)
653 1031 798 1108 conditio,
822 1031 857 1108 4)
880 1037 1065 1114 impotentia.

148 1140 195 1200 Ad
219 1139 432 1218 impedimenta
455 1155 528 1200 vero
544 1136 631 1212 juris
651 1137 770 1216 publici
791 1139 952 1214 pertinent:

82 1239 116 1316 1)
142 1243 249 1320 Aetas,
273 1241 309 1316 2)
331 1241 485 1324 ligamen,
510 1238 543 1314 3)
559 1243 660 1301 votum
684 1237 830 1314 solemne,
854 1234 890 1312 4)
911 1237 995 1306 ordo.
1021 1238 1056 1306 5)
1077 1255 1195 1320 cogna-

144 1349 185 1406 tio
208 1345 359 1420 naturalis,
383 1343 545 1424 spiritualis
567 1347 598 1402 et
620 1341 737 1423 legatis,
760 1339 795 1412 6)
808 1340 958 1418 Aiiinitas,
983 1341 1016 1414 7)
1034 1339 1193 1419 nonesto,

142 1447 177 1518 8)
201 1447 338 1522 Crimen,
369 1443 405 1516 9)
427 1445 554 1524 Raptus,
588 1440 641 1518 10)
664 1443 828 1524 Disparites
854 1443 950 1506 cuitus
976 1461 1031 1506 wa
1057 1442 1194 1506 deiectus

144 1551 291 1630 baptismi.
315 1583 357 1592 —
384 1548 437 1620 11)
452 1545 716 1608 clandestinus*
740 1581 777 1590 -
806 1545 859 1608 His
881 1545 1000 1608 additur
1021 1565 1039 1610 a
1061 1545 1195 1626 pluribus

147 1651 203 1725 12)
227 1652 359 1714 Vetitum
386 1653 494 1714 summi
517 1647 676 1712 Pontifiois.

597 1867 603 1880 .
631 1818 678 1880 11.

333 1931 384 1990 De
403 1926 558 2002 subtecto
575 1827 914 2002 ismpedimentorum.

144 2050 164 2112 i.
189 2049 440 2131 Distinguendum
465 2053 511 2109 est
532 2051 611 2110 inter
625 2051 704 2110 varia
727 2048 935 2128 impedimenta
942 2067 951 2122 ;
974 2047 1194 2127 impedimentis

59 2157 150 2228 enim,
175 2171 252 2234 qnae
275 2170 312 2214 ox
330 2154 400 2232 J'ure
415 2150 542 2212 naturali
566 2156 595 2210 ot
609 2150 711 2212 divino
735 2154 864 2229 positivo
883 2150 1095 2229 suntindueta,
1119 2151 1195 2215 sub-

56 2255 127 2333 jecti
152 2261 223 2316 sunt
244 2270 348 2316 omnes
372 2252 458 2332 piane
481 2252 632 2328 hornines3
655 2271 705 2314 res
728 2257 776 2314 ost
795 2253 964 2333 explorata3
988 2272 1053 2316 nam
1077 2253 1113 2316 ab
1136 2254 1194 2318 ob-

59 2361 231 2418 servatione
245 2357 322 2438 legis
343 2356 485 2420 naturalis
508 2363 538 2420 et
550 2356 670 2418 divinae
693 2373 780 2418 nonno
796 2360 928 2434 omnino,
951 2360 1000 2434 qui
1017 2361 1056 2418 sit
1071 2360 1194 2420 rationis

60 2477 199 2538 pompeo,
229 2463 389 2538 excipitur3
419 2459 498 2520 unde
522 2477 575 2538 per
597 2477 630 2520 se
652 2461 802 2538 sequitur,
833 2464 865 2520 ut
888 2461 1107 2522 matrimonium
1135 2457 1194 2522 eb-

59 2568 156 2624 stante
184 2561 398 2641 impedimento
420 2562 585 2645 ligaminis,
618 2563 811 2640 impotentiae
833 2566 891 2622 etc.
918 2579 934 2622 ι
957 2559 1196 2641 quibuscunque,

60 2669 146 2726 etiam
170 2664 207 2726 ab
230 2663 399 2732 infidelibus
422 2670 607 2726 contractum
631 2662 791 2724 invalidum
814 2667 854 2726 sit
875 2682 910 2728 ae
934 2661 1058 2742 proinde
1080 2662 1195 2728 dissol-
1259 2647 1262 2652 ¹

60 2767 201 2844 nendum,
215 2770 239 2828 si
255 2769 295 2828 ita
312 2767 409 2848 junon
427 2766 464 2830 ad
478 2765 566 2828 iidem
582 2765 776 2828 Christianam
792 2771 955 2843 transeant,
977 2783 1037 2830 non
1055 2765 1194 2830 obstante

126 3013 318 3076 despetionem.
344 3009 425 3060 Nimia
444 3018 527 3060 antoni
548 3009 690 3076 proximitas
703 3009 772 3058 vonit
789 3009 842 3058 sive
862 3025 906 3076 per
923 3011 1122 3078 generationem,
1141 3010 1194 3060 sivo

126 3113 172 3162 per
189 3095 284 3164 aliquid
302 3095 383 3146 sinniie
401 3097 569 3164 generationi,
588 3103 615 3146 ι)
633 3102 671 3144 est
684 3096 801 3164 coguatio
818 3096 906 3164 tegatis
926 3104 969 3148 ιιι)
982 3095 1134 3162 spiritualim
1151 3101 1195 3146 ιιι)

126 3183 196 3232 venit
215 3197 260 3248 per
278 3183 479 3235 commatationem
497 3195 611 3242 sexuum,
630 3189 672 3230 aut
691 3197 735 3248 per
753 3183 948 3234 satifactionem
966 3181 1129 3248 sponsalium.
1162 3181 1195 3232 Et
1267 3175 1272 3182 ’

125 3269 161 3318 sic
185 3275 244 3318 sunt
262 3269 307 3318 tria
331 3267 524 3333 impedimenta,
548 3283 583 3319 so.
603 3269 734 3336 cognatio,
757 3266 879 3328 affinitas,
904 3274 929 3316 et
948 3266 1063 3334 ponticae
1083 3266 1194 3331 justitiae

126 3351 254 3402 honestos.
290 3350 370 3402 Nimia
394 3360 477 3406 autem
497 3352 615 3404 distentio
640 3360 683 3402 aut
701 3351 836 3403 attenditur
860 3360 979 3422 quantum
1003 3353 1034 3408 ad
1059 3370 1104 3416 ea,
1129 3369 1194 3422 quae

128 3447 186 3490 sunt
205 3445 325 3498 naturae,
350 3445 376 3488 ut
395 3453 451 3488 cum
471 3453 521 3488 non
541 3446 644 3504 possunt
666 3441 821 3490 commisceri
841 3439 987 3502 carnaliter3
1012 3447 1055 3490 ant
1072 3448 1194 3509 qnantum

126 3525 157 3576 ad
176 3536 217 3585 aa,
235 3539 300 3592 quae
318 3532 376 3574 sunt
393 3525 517 3586 somenae,
536 3539 601 3594 quae
619 3539 669 3576 non
689 3532 747 3574 sunt
765 3527 789 3575 in
809 3534 891 3576 nostra
912 3531 1048 3592 potestate,
1071 3533 1099 3576 ut
1117 3533 1193 3593 patet,

128 3626 184 3660 oum
205 3617 244 3660 eat
261 3623 326 3659 nous
344 3627 433 3661 rorone
451 3618 476 3661 ι)
494 3609 557 3661 aiter
569 3610 647 3672 litem
665 3618 708 3662 ιιι)
727 3617 847 3678 quantuni
865 3609 896 3660 ati
915 3623 956 3671 sa,
973 3625 1038 3678 qnae
1056 3617 1116 3662 sunt
1132 3610 1190 3662 reti·

128 3697 208 3762 gionis
228 3693 398 3754 Christianae,
423 3704 449 3744 ut
467 3712 524 3746 cam
544 3712 608 3746 unus
626 3695 778 3763 baptizatos,
803 3696 865 3746 alter
882 3711 943 3747 vero
963 3697 1071 3746 minime.
1107 3696 1139 3747 Et
1157 3698 1193 3746 sir

128 3789 185 3832 sunt
203 3781 252 3830 trie
270 3778 459 3846 impedimenta,
477 3795 512 3831 sc.
530 3783 681 3848 impotentia
698 3781 815 3844 coeundi,
833 3797 903 3832 error
914 3781 1077 3842 conditionis,
1095 3788 1120 3830 et
1137 3781 1190 3830 etse

127 3869 229 3933 pon-itas
246 3863 384 3933 reiigionis.
413 3865 451 3916 Ao
469 3879 514 3933 par
532 3865 580 3916 hoe
597 3876 656 3918 ιιι)
673 3870 698 3918 in
717 3871 834 3920 aniverso
852 3866 985 3919 aunem
1002 3851 1192 3932 impedimenta,

128 3967 191 4020 qnae
209 3949 302 4017 Spiritu
321 3958 410 4002 sancto
428 3949 538 4003 dictante
556 3952 696 4004 introducta
713 3962 772 4005 sunt
789 3955 816 4004 in
833 3953 947 4005 &oloris
965 3950 1020 4002 eet.
1053 3949 1077 4002 S.
1095 3949 1192 4004 Bonan.

128 4037 248 4106 breviloq.
265 4053 293 4104 p.
312 4039 334 4090 e.
354 4054 376 4090 c.
397 4037 435 4090 13.
463 4035 542 4092 simin
560 4037 635 4094 modo
653 4039 678 4091 S.
696 4038 783 4094 i'irom.
802 4040 883 4108 sappi.
902 4055 927 4108 q.
945 4041 986 4091 aa.
1006 4053 1028 4088 ι
1050 4035 1072 4088 1.
