2736 4660
475 225 555 280 caua
573 224 776 280 matrimoniales.
1131 203 1193 272 353

54 401 132 464 quae
155 383 211 446 fuit
233 403 312 448 uxor
328 385 418 448 llaroi
435 381 571 461 Antonii,
595 387 641 448 sul
664 385 794 466 privigni
814 381 876 464 jam
900 377 1195 480 delunotl.¹).Epls-
1272 392 1274 397 ’
1316 431 1321 442 .

54 504 149 566 copus
172 505 282 569 operae
305 492 432 570 pretium
453 505 520 550 esse
543 489 670 564 censuit,
694 483 723 550 S.
746 485 822 548 hanc
844 484 1003 548 consulere
1022 500 1196 566 congrega-

55 593 168 651 tionem
197 608 235 653 an
257 591 368 654 dictum
392 594 614 653 matrimonium
636 589 736 652 valide
766 593 797 651 et
818 587 899 651 licite
922 583 1054 652 contrahi
1077 589 1195 666 possen

54 711 184 775 cumque
205 699 354 775 proposita
378 692 484 756 luisset
505 692 579 755 haec
602 697 742 756 instantia
766 691 815 755 dio
837 687 866 754 8.
888 689 971 753 lunii
999 686 1092 766 1720,
1115 689 1196 752 nulla

54 796 111 857 luit
133 803 216 877 capta
238 797 392 875 resolutio,
412 795 470 859 ¹sed
492 796 603 858 dictum
627 803 690 875 est,
715 793 796 877 quod
818 793 985 857 scriberent
1006 791 1163 878 Theologi.

143 900 276 973 Quatuor
298 899 444 983 Theologi
467 905 667 980 scripserunt,
695 904 725 961 et
748 915 852 961 eorum
876 895 1017 981 suffragia
1047 915 1105 959 una
1128 913 1196 958 oum

56 1003 211 1066 nonnullis
234 1007 309 1064 meis
329 1001 503 1079 (secretarii
520 1001 719 1076 lambertini)
741 999 982 1066 adnotationibus
999 1000 1120 1063 luerunt
1136 1005 1198 1062 lm-

54 1125 159 1187 pressa
181 1111 212 1167 in
236 1105 307 1169 lolio
323 1105 572 1189 Gongrogationis
594 1103 711 1168 habitae
729 1103 778 1165 die
794 1102 822 1167 3.
840 1103 970 1187 Augusti
988 1099 1086 1180 17203
1109 1121 1198 1166 cum-

56 1227 117 1290 que
141 1213 172 1270 in
196 1207 441 1292 Congregatlono
471 1209 570 1271 habita
597 1207 646 1270 illa
674 1207 722 1269 die
744 1207 817 1270 haec
847 1207 951 1269 eadem
974 1225 1067 1270 causa
1088 1211 1198 1270 iterum

55 1317 229 1392 proposita,
260 1313 339 1375 nulla
363 1316 474 1391 pariter
497 1309 553 1374 luit
575 1317 661 1392 capta
683 1307 841 1389 resolutio,
875 1311 929 1374 sed
952 1315 1129 1391 rescriptum
1153 1315 1200 1385 est

55 1417 100 1477 ud
121 1423 266 1496 meatem,
294 1421 324 1476 et
348 1433 432 1477 mens
455 1415 527 1490 fuit,
558 1415 637 1496 quod
659 1431 713 1496 por
735 1414 848 1477 litteras
875 1415 1088 1478 admoneretur
1108 1412 1201 1493 Epis-

55 1537 152 1598 copus
176 1518 364 1600 Bojanensis,
395 1525 427 1580 ut
449 1517 582 1597 uideret,
617 1537 671 1596 an,
704 1517 774 1579 dum
804 1517 899 1580 adhuc
922 1535 971 1580 res
994 1521 1040 1579 est
1068 1519 1100 1578 in
1122 1515 1199 1595 lieri,

57 1639 133 1693 oum
151 1626 246 1684 simus
269 1625 299 1682 in
323 1626 513 1684 matrimonio
536 1639 598 1686 non
621 1625 785 1698 contracto,
809 1620 863 1684 sed
886 1618 1110 1699 contrahendo,
1133 1619 1201 1682 Do-

55 1727 203 1786 minicum
226 1731 256 1786 et
271 1724 485 1789 Samaritanam
508 1725 698 1788 suasionibus
722 1721 958 1788 acontrahendo
979 1727 1200 1788 matrimonium

56 1832 199 1889 avertere
222 1835 334 1908 posset.

146 1929 180 1990 ln
195 1936 404 1994 executionem
420 1929 508 2012 hujus
520 1933 657 2020 rescripti
673 1929 757 1994 datae
772 1929 892 2008 luerunt
906 1932 1024 1996 litterae
1039 1932 1076 1995 ad
1092 1931 1202 1994 dietum

54 2032 251 2114 Episcopum,
275 2039 325 2116 qui
349 2031 514 2114 respondit,
538 2051 571 2096 se
594 2049 715 2094 omnem
735 2037 869 2115 oporam,
893 2036 947 2098 sed
968 2039 1120 2098 incassum
1144 2053 1203 2098 na-

55 2155 150 2199 vasse
172 2143 228 2200 eto.
254 2187 261 2202 .
286 2183 292 2198 .
317 2191 322 2201 .
354 2138 411 2200 Pro
435 2137 598 2217 adaequata
620 2135 746 2217 hujusce
769 2155 877 2201 causae
899 2140 1099 2216 resolutione,
1135 2153 1203 2198 cum

55 2245 88 2301 in
118 2245 278 2320 praeterita
309 2245 544 2325 congregatione
575 2237 674 2302 habita
704 2239 733 2305 3.
764 2241 844 2324 Aug.
875 2237 957 2304 1720
988 2239 1132 2302 nonnulla
1165 2237 1211 2322 alt·

56 2341 118 2405 EE.
144 2343 207 2406 Dl).
225 2343 336 2406 luerint
358 2341 557 2405 accurate'de
581 2359 665 2404 more
682 2357 839 2424 perpensa,
865 2348 1070 2407 necessarium
1093 2345 1204 2404 existi-

56 2449 140 2506 mavi
164 2445 201 2508 ad
225 2448 337 2509 calcem
360 2445 449 2527 hujus
473 2445 537 2508 lolii
560 2463 596 2506 ea
618 2449 765 2521 inserere,
787 2465 845 2509 una
864 2465 931 2509 cum
956 2445 1107 2509 nonnullis
1128 2462 1205 2508 auc·
1235 2465 1240 2482 ¹

58 2549 247 2627 toritatibus,
277 2567 355 2630 quae
377 2553 408 2610 in
430 2549 488 2611 hoc
517 2566 578 2611 non
600 2552 642 2610 ita
664 2548 754 2611 obvio
777 2551 902 2614 articulo
929 2567 991 2614 non
1012 2555 1078 2612 sine
1101 2547 1204 2610 laboro

58 2653 184 2724 luerunt
207 2673 223 2715 a
246 2670 293 2715 me
316 2657 509 2735 perquisitas,
533 2657 563 2713 et
586 2656 738 2730 inventae,
766 2652 873 2734 quibus
896 2653 1047 2733 perlectis,
1072 2655 1102 2714 et
1125 2668 1205 2732 pon-

57 2755 173 2818 deratis
190 2753 391 2836 ponderandis
411 2771 488 2815 onus
503 2753 628 2818 critEE.
644 2753 704 2818 VV.
724 2754 900 2834 decernere,
923 2774 960 2818 an
982 2757 1206 2818 matrimonium

57 2858 197 2921 contrahi
220 2864 314 2939 possit
337 2862 419 2919 inter
441 2857 642 2935 Dominioum,
668 2864 698 2919 et
720 2857 933 2922 samaritanam
956 2863 987 2920 ln
1010 2875 1083 2920 casu
1105 2863 1162 2920 etc.

152 2961 181 3026 S.
205 2962 235 3025 O.
263 2961 421 3042 respondit
442 2959 491 3021 die
515 2956 544 3022 8.
567 2959 665 3022 llartil
690 2959 786 3026 1721:
808 2961 880 3042 „Ad
903 2960 1103 3026 secretarium
1121 2961 1209 3040 juxta

57 3070 214 3145 mentem,
240 3065 355 3128 scilicet
378 3062 459 3146 quod
482 3078 543 3126 non
565 3061 744 3144 impediatur
768 3063 1063 3143 matrimonium.“¹)

413 3438 482 3528 [Zp
760 3408 766 3440 '¹
787 3410 950 3472 Dominicus,

809 3495 926 3548 sponsus.

460 3409 934 3796 &Samaritam

800 3771 901 3826 sponsa.

419 3819 495 3873 llaro.
516 3818 575 3870 Aut.

99 3923 124 3990 ²)
142 3921 264 3975 Thesaur.
287 3919 362 3974 resol.
393 3920 418 3983 S.
447 3920 477 3976 G.
503 3920 533 3975 G.
569 3917 651 3975 Gaura
677 3917 813 3985 Bojaneos.
841 3922 900 3967 tom.
923 3913 943 3966 l.
968 3911 1034 3975 ala,
1061 3907 1128 3971 338,
1157 3903 1217 3956 til.

143 4015 203 4061 tom.
221 4007 254 4062 ΙΙ.
273 4009 313 4062 to.
1221 4027 1224 4031 .

126 4115 160 4155 ne
173 4112 324 4154 matimonio.
964 4085 1006 4155 23
