2736 4660
183 195 248 272 aaa
602 207 682 265 cot.
697 207 903 267 semema.
1222 176 1230 191 “
1362 161 1363 248 i

183 369 334 450 mepte
346 363 944 448 impedimentamipaorammatrtmouto
958 364 1093 444 domnos
1117 383 1198 434 nunc
1218 384 1313 448 quaa-

183 475 268 549 eitur,
292 489 362 536 num
382 470 470 552 Gaiae
492 473 623 551 potuerit
645 471 694 536 vel
715 474 805 544 etiam
822 468 959 536 debuerit
979 473 1011 530 in
1033 473 1227 535 matrimonio
1249 475 1314 532 aute

155 642 156 645 ,
183 579 414 644 mnvmuonern
426 592 493 638 cum
509 589 614 639 sorore
630 576 802 655 ignorantes
819 579 973 639 contracto
988 576 1160 652 persistere,
1173 577 1203 632 et
1218 570 1314 634 cidem

184 677 356 745 maritaliter
378 675 568 743 collabitare?

184 847 188 856 ,
268 781 356 862 Resp.
384 786 409 846 t.
444 780 695 864 Consangutnitas
720 782 815 846 lineae
837 780 976 863 obliquae
999 778 1181 860 probabilius
1203 796 1263 840 nec
1284 781 1334 836 in·

182 891 277 966 primo
300 884 396 968 gradu
419 884 531 947 dirimit
554 886 733 948 matrimonii
750 885 821 965 jure
844 881 992 957 naturali,
1015 882 1093 946 adeo
1116 889 1148 944 ut
1170 882 1264 944 trater
1286 888 1316 942 et

182 1005 269 1060 soror
290 987 389 1052 vabda
411 985 636 1060 contraierant,
667 990 730 1056 nisi
747 988 797 1052 tex
819 986 1025 1050 ecclesiastica
1052 985 1204 1062 obstaret3
1236 1001 1316 1046 nun-

182 1107 270 1172 quam
294 1096 393 1153 tanen
415 1105 507 1169 super
528 1087 585 1152 boc
607 1089 819 1168 impedimento
841 1089 878 1153 ab
899 1089 1033 1152 Ecclesia
1057 1089 1258 1169 dispensatur.
1361 1117 1363 1166 p

269 1193 357 1274 Resp.
380 1192 408 1254 i.
447 1191 550 1266 Quoad
573 1209 674 1256 cesum
700 1196 893 1272 propositum,
917 1189 1163 1274 distinguendum
1186 1194 1253 1268 erit,
1278 1208 1315 1250 au

183 1297 226 1376 illi
248 1297 403 1378 conjuges,
430 1295 551 1376 quando
574 1295 632 1368 tale
657 1299 876 1356 matrimonium
899 1300 930 1356 in
952 1295 1128 1359 infidelitate
1150 1301 1316 1359 contraxe-

182 1407 263 1476 runt,
288 1405 318 1462 in
341 1400 438 1478 aliqua
461 1401 674 1463 communitate
698 1401 844 1472 vixerint,
871 1415 926 1476 per
947 1399 1033 1478 cujus
1056 1397 1140 1478 leges
1163 1396 1316 1479 talema-

182 1506 354 1568 tr'aoionium
371 1506 512 1576 irritatur,
541 1518 650 1573 neene;
674 1503 857 1578 siprimrmu
882 1506 995 1565 certum
1011 1507 1070 1577 est,
1094 1504 1315 1564 matrimonium

181 1623 250 1673 esee
273 1605 402 1670 invalide
425 1609 621 1679 contractum,
645 1619 681 1662 ac
703 1602 829 1681 pntirrde
851 1604 1016 1686 conjuges,
1039 1604 1159 1666 detecto
1182 1603 1316 1682 impedi-

182 1715 296 1784 mento,
320 1725 389 1770 esse
410 1707 602 1788 separandos,
623 1710 695 1785 quia
713 1706 798 1786 junia
818 1725 1006 1770 communem
1027 1711 1205 1770 sententiam
1223 1725 1316 1787 penes
1362 1689 1363 1726 ³

180 1812 298 1872 civilem
323 1814 529 1892 tnagistrutum
547 1827 718 1888 supremam
739 1814 869 1888 potestas
888 1815 951 1888 est,
974 1809 1188 1888 impedimenta
1208 1815 1317 1872 matri-

179 1911 312 1988 monium
343 1916 491 1977 irritantia
514 1919 648 1977 statuero
668 1929 722 1992 pro
745 1910 914 1981 infidelibus
941 1918 1018 1990 (nou
1042 1913 1217 1992 baptizatis)
1243 1914 1318 1974 sub-

128 2013 132 2022 '
179 2017 258 2083 dttts.
304 2016 334 2078 Si
357 2015 534 2091 secundum,
557 2014 635 2094 quod
660 2011 723 2074 fieri
748 2019 849 2094 posset
871 2019 950 2080 inter
971 2017 1070 2094 ludos,
1093 2015 1182 2098 Cujus
1205 2022 1318 2096 potest,

180 2123 241 2192 imo
268 2118 358 2182 debet
386 2122 549 2197 persistere
571 2121 603 2178 in
628 2120 832 2193 matrimonio,
861 2118 940 2197 quod
970 2137 1037 2182 eum
1066 2137 1173 2184 sorore
1201 2137 1259 2184 suo
1290 2126 1319 2180 iu

181 2220 355 2296 iptidebtate
378 2225 583 2298 contraxerat,
608 2223 725 2282 etiamsi
749 2239 829 2282 nunc
849 2221 936 2286 ambo
960 2221 996 2288 ad
1019 2221 1109 2284 fidem
1132 2221 1319 2288 Catholieam

100 2313 109 2322 ”
180 2329 320 2393 conversi
343 2328 412 2388 sint.
456 2324 540 2388 liutto
563 2328 626 2399 est,
655 2327 724 2403 quio
754 2343 873 2406 semper
893 2326 1032 2391 sunctum
1064 2333 1111 2388 est
1134 2345 1188 2406 pro
1211 2327 1318 2388 valore

181 2431 359 2490 matrimonii
384 2431 542 2502 contracti,
572 2425 690 2506 quando
715 2445 772 2488 non
797 2433 928 2490 occurrit
950 2448 1006 2490 nec
1028 2433 1195 2510 comparari
1219 2435 1319 2508 potest

179 2529 330 2602 certitudo
358 2529 479 2594 moratis
502 2529 541 2595 de
563 2531 629 2610 ojus
652 2529 802 2604 nullitate;
832 2531 885 2594 sed
908 2533 947 2593 de
969 2533 1105 2596 nullitate
1134 2536 1319 2594 matrimonii
1362 2521 1363 2614 l

182 2638 214 2705 in
238 2651 309 2701 casu
332 2633 401 2696 talis
418 2633 566 2704 certitudo
581 2637 745 2712 comparari
768 2651 830 2699 non
847 2641 956 2716 potest,
980 2654 1048 2699 nam
1066 2635 1234 2699 ilbosmodi
1250 2654 1320 2722 cer·
1361 2661 1363 2678 ⁴

181 2735 337 2796 titudinem
362 2752 421 2796 non
444 2735 648 2799 subministrat
665 2736 716 2815 jus
740 2737 890 2816 naturale,
920 2757 989 2800 cum
1012 2741 1147 2818 spectato
1171 2735 1234 2800 boc
1253 2739 1320 2818 jure

182 2843 402 2902 matrimonium
425 2843 455 2904 in
478 2857 549 2901 casu
572 2838 753 2918 probabilius
776 2839 905 2902 validum
929 2845 978 2918 sit,
1004 2859 1060 2902 nee
1078 2842 1129 2922 jus
1154 2845 1318 2920 positivum

181 2941 351 3018 Ecclesiae,
387 2947 490 3022 utpote
523 2961 583 3023 quo
612 2941 719 3022 liujus,
746 2944 876 3025 cinisque
905 2961 1008 3020 soror,
1040 2941 1136 3006 adbuc
1167 2941 1318 3010 infideles,

180 3045 300 3127 quando
324 3049 545 3108 matrimonium
567 3049 797 3125 contranerunt,
820 3045 953 3113 uoradum
976 3045 1194 3128 obligabantur.
1208 3045 1235 3122 ¹)

613 3285 732 3354 Casus
760 3283 879 3351 xxxii.

661 3428 830 3494 Aiiinttas.

265 3596 339 3660 Cum
374 3593 549 3658 Dominicus
580 3594 733 3660 Marnillus
766 3594 804 3659 de
838 3600 918 3658 terra
949 3595 1123 3677 cantalupi,
1160 3589 1318 3663 Dioecesis
1362 3631 1363 3640 κ

180 3698 349 3782 Βςήιῑιιθιιε.Ι
367 3699 540 3782 intenderet
570 3697 749 3764 contrahere
780 3703 999 3768 matrimonium
1028 3718 1095 3763 cum
1117 3699 1315 3779 Samaritana,

210 3973 233 4040 ¹)
251 3973 407 4038 llolamaun,
424 3970 470 4026 lna
490 3968 646 4038 Canonium
663 3976 804 4042 practicam
821 3971 864 4030 iit.
878 3946 978 4033 itastis.
998 3976 1038 4031 tt.
1052 3987 1108 4042 ,aaa
1126 3974 1188 4028 iot.
