2736 4660
190 173 255 244 316
608 194 689 251 Gutus
707 197 911 268 rartdmouirlau.

190 350 297 432 probat
325 348 478 418 violantes
509 354 640 418 celaui
668 373 728 418 aaa
757 356 986 432 declaratione,
1019 373 1077 437 qua
1107 374 1173 428 rem
1205 373 1328 420 omnem

192 459 291 518 narrat
314 455 369 516 sub
387 455 582 538 jurisjurandi
603 457 763 542 religione,
785 459 1054 538 notificationibus
1075 459 1220 525 nobilium
1242 461 1330 522 viro-

191 573 259 621 rurr
281 561 377 637 patrui
401 563 432 619 et
454 557 613 638 tii'iiiltiiill,
643 563 694 642 qui
717 566 782 628 ncta
805 568 836 624 et
858 562 1049 644 probationes
1071 566 1330 644 perquisincrunt,

190 663 223 720 ct
243 659 459 724 consuluerunt
473 659 646 746 'ibcologos
667 661 949 743 etJnrecousoltos,
974 668 1167 748 negotiorum
1184 669 1215 728 in
1233 681 1331 747 ragno

191 763 392 847 Portngalliae
414 771 583 848 gestorum,
613 771 663 846 qni
687 773 717 826 ct
741 769 795 847 ipsi
818 771 947 833 consulti
970 770 1109 844 inerunt,
1139 767 1332 832 celeberrimi

192 864 349 943 Advocati,
372 872 423 948 qni
446 879 622 948 responsum
645 887 701 930 seu
722 871 971 939 consultationem
994 874 1128 952 scripsit,
1153 870 1333 953 lbeologc-

192 985 258 1044 rum
282 975 342 1033 tom
365 969 496 1051 inclytae
512 971 726 1036 Donninicanae
747 971 904 1050 Familiae,
933 981 995 1041 tum
1017 975 1147 1056 inclytae
1169 973 1333 1039 Societatis

191 1071 266 1134 lesu
287 1071 434 1150 coctana,
456 1075 613 1155 probitate,
637 1081 668 1136 et
691 1077 864 1142 muneribus
880 1097 917 1145 ae
935 1078 1082 1162 dignitate
1101 1079 1333 1160 praestantium,

192 1179 243 1256 qni
267 1173 318 1238 vel
337 1175 465 1240 consulti
489 1176 608 1240 inerunt
631 1176 683 1240 boc
705 1177 744 1242 de
766 1198 800 1244 re
821 1200 838 1244 u
859 1179 1006 1260 Violaote,
1028 1181 1077 1244 vel
1100 1186 1177 1255 acte,
1200 1185 1234 1242 et
1258 1195 1334 1259 pro-

192 1276 329 1342 bationes
351 1284 602 1362 perquisivaront,
626 1285 657 1340 et
678 1285 710 1342 in
733 1282 841 1346 Urbem
865 1288 1102 1362 uanomaeroni,
1126 1283 1176 1346 vel
1198 1299 1333 1362 accepe-

193 1385 263 1446 runt
293 1385 323 1444 in
355 1381 451 1459 Urbe,
482 1381 689 1460 Notariorum,
723 1390 772 1466 qoi
795 1391 865 1450 acta
897 1385 1099 1463 tradiderunt,
1132 1383 1331 1467 parochorum

192 1482 406 1570 conquaeri
431 1485 504 1550 indes
528 1487 735 1568 baptismatum
758 1507 776 1552 e
798 1489 883 1554 libris
896 1494 1088 1570 exceperunt.
1110 1489 1192 1552 llaec
1215 1506 1331 1550 suanno

193 1592 241 1650 est
269 1586 361 1652 libelli
389 1590 449 1654 dati
472 1609 488 1650 a
513 1591 659 1655 Violanie.
704 1591 906 1656 Aloiovico
934 1591 1007 1656 niini
1036 1590 1131 1654 adbuc
1162 1590 1330 1652 babuimus.

193 1689 322 1756 Dubium
347 1709 438 1756 noum
462 1699 523 1768 est,
552 1693 632 1776 qnod
654 1695 790 1776 expediri
813 1694 913 1774 debet,
935 1714 974 1760 an
996 1695 1112 1758 litterae
1134 1692 1332 1773 Apostolicae

193 1798 226 1858 in
254 1793 349 1877 iorma
377 1795 527 1874 „Perinde
549 1797 683 1876 valcrc“,
714 1797 872 1878 expeditae
902 1797 950 1862 die
987 1797 1031 1862 12.
1056 1797 1222 1878 Septembr.
1251 1795 1332 1860 1750

193 1899 255 1960 sint
276 1897 531 1978 servandaauita
555 1906 587 1964 nt
609 1905 648 1964 sit
671 1900 807 1966 surdum
831 1906 860 1966 in
884 1906 995 1982 primo,
1020 1901 1068 1962 vel
1092 1899 1283 1964 insecundo
1307 1905 1334 1958 ci

196 2003 287 2064 tertio
309 2001 378 2062 loco
400 2002 510 2066 decisis
532 2009 563 2066 in
588 2023 658 2069 roan
682 2011 737 2068 ato.
762 2005 791 2068 S.
806 2005 837 2066 C.
856 2005 887 2068 G.
910 2004 960 2067 die
983 2004 1105 2067 blumii
1131 2001 1213 2068 1755
1238 2017 1332 2080 resp:

194 2101 293 2167 Dihta
314 2103 351 2166 ad
375 2108 499 2185 primam
524 2111 638 2170 mensis
652 2107 800 2190 Augusti,
822 2112 910 2172 etiam
935 2111 1056 2172 nnica.‘·'
1081 2107 1137 2168 Dic
1154 2108 1183 2168 2.
1200 2104 1332 2187 Augusti

198 2203 280 2272 1755
310 2225 487 2288 responsum
518 2209 587 2272 fuit:
627 2210 763 2287 „Dilata,
795 2218 826 2274 ei
854 2210 890 2272 ad
922 2218 1069 2287 mentem,
1101 2213 1132 2270 et
1160 2225 1249 2270 mens
1278 2213 1332 2284 esi,

195 2309 276 2391 quod
299 2327 399 2376 eorum
421 2311 539 2378 Noncio
561 2313 736 2394 Apostolioo
765 2318 974 2377 exarnioentnr
1005 2320 1097 2376 testes
1119 2311 1277 2389 formiter,
1305 2315 1332 2372 et

190 2413 421 2494 compulsantur
437 2417 505 2497 jura
524 2418 611 2499 juxta
630 2420 867 2480 instructionem.
892 2416 988 2480 &osa
1004 2415 1122 2478 tandem
1144 2417 1331 2496 reproposita

195 2515 245 2584 alie
278 2513 326 2582 13.
356 2517 520 2599 Septembr.
553 2515 632 2584 1755
663 2519 691 2582 S.
720 2518 751 2582 C.
781 2519 813 2580 G.
843 2519 997 2600 respondit
1023 2519 1058 2580 ad
1090 2517 1212 2580 dubium
1245 2533 1331 2596 sopra

196 2618 313 2684 mium:
348 2621 533 2701 „iimreca
565 2627 596 2682 et
623 2620 761 2686 standum
791 2626 822 2684 io
852 2625 948 2702 primo
976 2621 1042 2684 loco
1072 2620 1216 2696 decisis“,
1250 2616 1279 2680 b.
1306 2638 1328 2678 e.

196 2721 327 2785 Litterae
350 2724 540 2805 Apostolicao
563 2729 593 2788 in
614 2724 727 2790 torna:
763 2724 887 2788 Perinde
910 2724 1011 2788 valere
1034 2723 1082 2783 ‹lic
1110 2720 1156 2786 12.
1181 2719 1328 2801 Septemb.

200 2822 284 2893 1750
305 2845 365 2890 non
387 2833 456 2890 soni
478 2826 664 2904 servandae,
688 2832 718 2890 ct
741 2827 878 2895 standum
901 2833 949 2890 eat
970 2830 1002 2889 in
1026 2827 1181 2890 decisione
1203 2824 1274 2886 data
1297 2823 1328 2884 dc

197 2929 333 2996 ntrlblate
356 2933 535 2994 matrimonii
559 2933 590 2992 in
613 2928 733 3006 carust)
771 2972 776 2980 -

644 3101 757 3164 Casus
779 3097 883 3164 XXIX.

552 3225 843 3302 commonuisse
860 3223 974 3286 dubia.

284 3366 353 3430 Posi
373 3371 447 3429 inita
471 3368 619 3449 sponsalia
642 3385 695 3449 per
719 3365 810 3430 verba
832 3367 989 3429 defuturo
1011 3371 1090 3428 inter
1107 3364 1276 3427 &madum
1299 3365 1331 3424 ie

197 3471 325 3535 Martioo
353 3477 384 3530 et
405 3469 522 3534 Annam
553 3469 723 3532 Theresiam
754 3470 879 3547 Frisari,
912 3467 1125 3534 domicillanins
1156 3465 1330 3550 Vigilensis,

198 3580 317 3656 etpost
339 3580 506 3656 susceptam
538 3573 651 3654 prolem
675 3592 713 3634 ex
744 3574 846 3636 illicita
869 3591 973 3636 eornm
996 3571 1118 3652 copula,
1151 3575 1330 3651 exoptantes

198 3677 288 3740 iidem
311 3676 465 3739 celebrare
487 3679 707 3740 matrimonium
730 3664 859 3738 inlacic
871 3674 1033 3752 Ecclesiae,
1058 3673 1182 3735 luerunt
1197 3673 1239 3735 tle
1257 3691 1330 3736 anno

225 3899 248 3967 ¹)
266 3897 387 3951 Thamar.
405 3899 480 3952 rocol.
499 3899 523 3951 S.
534 3897 562 3952 G.
574 3895 602 3951 0.
621 3873 817 3951 cicaronem.
835 3905 895 3950 tom.
908 3895 947 3949 11.
966 3913 991 3964 p.
999 3895 1042 3958 32,
1054 3894 1093 3946 71.
1111 3901 1175 3946 tom
1191 3893 1234 3947 it.
1252 3911 1276 3963 p.
1292 3893 1328 3944 51.

114 4030 117 4043 .
210 3984 311 4038 -sb
329 3983 388 4038 ine.
1089 3999 1097 4006 ·
1223 3979 1226 3984 '
