2758 4664
529 131 566 184 Ita
585 129 675 185 Gnosis
692 127 926 184 matrimonialibus.

243 296 276 370 a)
306 290 553 372 impedimentum
576 290 698 366 aaronis,
861 362 867 369 ι

244 397 279 473 b)
306 393 554 474 impedimentum
577 390 759 454 conditionis
782 393 813 452 in
836 389 948 468 duplici
970 405 1073 468 sensu,

252 503 283 575 c)
310 495 553 577 impedimentum
577 497 624 557 vis
646 499 676 554 et
698 499 814 570 metus;

81 617 85 626 ’
171 629 172 632 “
245 600 279 677 d)
308 597 554 680 impedimentum
577 601 696 677 raptus,

246 708 279 780 e)
306 700 555 782 impedimentum
577 697 834 762 clandestinitatis.

248 805 281 869 ll.
306 804 340 866 ln
362 804 445 882 aliis,
480 806 617 884 quamvis
645 802 781 866 Ecclesia
808 800 984 880 dispensare
1016 802 1151 868 absolute
1175 801 1302 884 quidem

161 915 276 992 posset,
299 923 449 988 nunquam
471 909 572 968 tamen
594 905 756 986 dispensat,
780 903 936 966 videlicett

242 1015 281 1088 a)
316 1007 564 1090 impedimentum
588 1009 741 1072 affinitatis
770 1012 803 1070 in
824 1011 921 1088 primo
942 1007 1041 1092 gradu
1062 1007 1162 1080 linoae
1185 1013 1304 1086 reema,

311 1133 351 1178 ox
373 1114 562 1176 matrimonio
593 1117 692 1174 ortum
718 1111 788 1192 jure
818 1115 932 1174 tantum
963 1111 1168 1176 ecclesiastico
1199 1115 1306 1174 intro-

313 1217 435 1280 ductum
467 1231 553 1295 esse,
595 1221 625 1276 ct
652 1219 873 1296 consequenter
902 1232 992 1296 supet
1020 1233 1058 1277 co
1084 1213 1305 1296 impedimento

314 1322 501 1406 gravissimis
523 1318 701 1402 urgentibus
733 1321 833 1380 causis
855 1317 1014 1381 Pontifices
1035 1317 1187 1381 Romanos
1209 1335 1306 1400 posse

314 1423 498 1504 dispensare,
523 1421 725 1502 probatissimi
747 1425 887 1486 auctores
909 1421 1077 1494 affirmant;
1099 1419 1154 1483 sed
1176 1422 1306 1484 asimili
1361 1477 1362 1490 ,

313 1527 547 1607 dispensatione,
572 1529 630 1588 etsi
653 1525 755 1606 plures
778 1528 888 1610 rogati,
912 1523 1119 1586 abstinuerunt
1130 1521 1165 1600 ¹).

248 1631 282 1709 b)
313 1634 344 1692 in
366 1633 462 1710 primo
485 1626 581 1711 gradu
604 1631 793 1711 cognationis
817 1627 959 1690 naturalis
981 1627 1101 1690 inlinea
1117 1631 1303 1708 transversa,

313 1737 333 1796 i.
379 1751 406 1794 e.
451 1735 533 1792 inter
576 1730 699 1792 fratrem
736 1735 766 1793 et
803 1747 937 1796 sororem
975 1731 1112 1793 similiter
1148 1749 1305 1816 nunquam

314 1835 512 1916 dispensetur,

252 1943 295 2016 c)=
314 1942 347 2000 in
368 1935 581 2018 impedimento
604 1939 737 1998 criminis
755 1937 881 2017 publico
903 1936 1213 2017 cumeffeotusecuto,
1238 1944 1305 2003 sive

316 2046 445 2122 utroque
467 2043 532 2103 sive
554 2058 615 2104 uno
638 2047 766 2103 mortem
790 2039 989 2104 machinante.

250 2143 299 2206 ttl.
323 2143 357 2206 ln
380 2143 455 2223 aliis,
481 2148 618 2225 quamvis
640 2141 774 2207 Ecclesia
796 2162 1011 2225 nonnunquam
1034 2143 1188 2226 dispenset
1201 2193 1210 2225 ,
1236 2146 1305 2208 dis-

116 2259 117 2266 ’
166 2251 302 2330 pensatio
327 2253 425 2308 tamen
448 2263 510 2308 non
533 2253 580 2309 est
603 2235 820 2328 exspectando,
854 2249 911 2309 nisi
939 2253 1047 2332 urgeat
1069 2265 1160 2312 causa
1183 2248 1305 2330 publica
1361 2313 1362 2316 ,

167 2351 215 2414 vel
238 2349 483 2426 extraordinaria,
504 2367 614 2430 nempe
638 2388 644 2396 -

252 2458 283 2529 a)
314 2457 346 2514 in
374 2457 445 2514 voto
477 2451 605 2514 solemni
636 2455 779 2515 castitatis
814 2457 846 2515 tn
878 2453 976 2536 aliqua
1008 2453 1159 2538 religione
1190 2473 1309 2536 appro-

317 2553 384 2618 bata
407 2553 498 2616 edito.
1109 2563 1113 2568 '

253 2658 287 2734 b)
319 2661 352 2718 in
373 2654 589 2736 impedimento
612 2655 725 2720 ordinis
748 2660 835 2719 sacri.

263 2765 296 2838 c)
324 2764 357 2821 in
378 2761 568 2821 matrimonio
590 2764 664 2822 rato.

253 2862 285 2938 d)
317 2867 349 2924 in
371 2861 584 2943 impedimento
606 2865 740 2925 oriminis
762 2863 891 2943 occuito,
917 2865 1102 2946 utroquevel
1117 2865 1307 2931 alteromor-

317 2971 378 3028 tem
401 2963 589 3028 machinante
610 2984 679 3030 cum
702 2965 812 3030 ellectu
833 2972 948 3030 secuto.

252 3067 304 3132 lV.
328 3068 433 3150 Neque
456 3069 544 3132 iacile
566 3067 712 3150 speranda
735 3075 782 3131 est
803 3068 1002 3151 dispensatio,
1033 3075 1171 3154 quamvis
1206 3091 1306 3156 neque

166 3172 304 3254 publica,
327 3191 426 3254 neque
448 3171 623 3252 plerumque
646 3171 919 3236 extra-ordinaria
941 3177 1112 3258 requiratur
1131 3191 1247 3255 causa,
1275 3181 1305 3240 in

167 3277 382 3360 sequentibus:

254 3383 289 3458 a)
321 3385 353 3442 in
377 3379 549 3462 disparitate
572 3377 678 3458 cultus,

251 3483 285 3560 b)
316 3487 348 3544 in
371 3485 552 3566 cognatione
575 3483 721 3563 spirituali
742 3487 822 3546 inter
844 3482 998 3548 levantem
1021 3489 1052 3546 et
1072 3483 1217 3566 leuatam,

258 3591 289 3662 c)
319 3589 352 3648 in
373 3584 588 3666 impedimento
611 3584 763 3650 affinitatis
784 3590 817 3648 in
839 3591 936 3668 primo
954 3585 1052 3670 groslu
1074 3588 1171 3654 linem
1188 3597 1304 3673 rectae,

318 3707 358 3751 ex
379 3689 483 3772 copula
505 3688 609 3752 illicita
632 3694 708 3752 orto.

174 3833 380 3848 w·—

192 3917 936 3985 ¹)Benodict.X1V‚dosynod.dioeces.lib.ilc.13.
1039 3888 1040 3894 ¹
1129 3993 1178 4000 ..
