2746 4646
298 220 337 276 De
352 219 537 292 impedimentis
554 223 743 276 matrimonium
760 219 942 276 dirimentibus.
1129 204 1189 274 147

140 375 189 441 Ν.
213 373 300 439 Ratio
323 377 521 442 constituendi
544 377 603 442 buc
624 379 887 460 impedimentum,
910 386 957 441 cst
979 329 1191 461 triptex7Juxtu

53 485 201 543 auctores.
249 479 282 556 1)
305 479 379 554 Oula
402 486 432 544 in
445 483 592 564 baptismo
616 489 645 544 et
662 482 889 546 confirmatione
913 487 1063 563 recipiens
1085 485 1192 564 escun

53 599 122 645 esec
143 581 292 665 quoddam
313 585 486 665 spirituale,
510 585 547 648 ad
569 585 649 666 quod
671 585 823 665 baptizans
845 586 894 646 vel
913 585 1092 648 cunlirmans
1114 577 1206 648 con?
1306 628 1310 636 ,

52 689 161 762 currit,
196 691 229 749 ut
250 693 347 766 peter,
381 693 514 767 patrinus
533 707 609 752 nero
640 695 691 750 aut
721 694 863 765 auetrina,
895 693 1016 752 uouiiuc
1038 689 1191 751 Ecclesiae

52 789 233 869 baptizatum
255 789 305 850 vel
327 789 533 854 cuullrmatum
562 795 744 872 suscipiens,
775 799 808 853 ut
831 799 940 867 mater,
973 791 1007 866 2)
1030 795 1099 872 quia
1117 791 1192 853 'inde

53 891 239 956 contrahitur
261 891 407 971 quoddam
429 891 579 956 amicitiae
601 913 642 956 ac
666 893 873 956 familiaritatis
884 893 1048 968 vinculum,
1071 900 1101 956 et
1124 895 1191 955 binc
1230 901 1239 920 ·

53 1001 186 1077 oportuit
214 999 294 1059 luter
326 995 379 1059 has
416 1005 560 1081 cognatas
590 999 809 1060 matrimonium
840 997 1038 1072 interdicere,
1074 1003 1106 1058 ut
1124 1001 1192 1060 »islo

53 1117 120 1162 cum
144 1103 297 1160 extraneis
318 1103 393 1164 inito
416 1105 545 1164 amicitia
572 1099 746 1164 dilataretur
774 1105 806 1160 iu
829 1100 947 1180 plures,
972 1100 1007 1178 3)
1031 1105 1101 1182 quia
1124 1117 1192 1164 esse

53 1203 208 1292 spirituale
240 1201 361 1286 dignius
387 1209 449 1280 est,
485 1219 575 1284 quam
597 1220 665 1266 csse
689 1204 826 1280 carnale,
862 1203 942 1283 quod
971 1208 1117 1282 accipitur
1139 1219 1193 1282 per

53 1309 282 1390 generationem
314 1306 478 1380 carnalanm
510 1310 620 1390 igitur,
652 1310 678 1370 si
707 1305 746 1370 ob
783 1306 857 1374 banc
886 1311 964 1366 inter
993 1312 1132 1386 parentes
1162 1311 1193 1366 ct

52 1399 302 1470 lilius'dlrimitur
325 1411 561 1488 matrimonium,
592 1407 718 1470 decebat
739 1406 796 1484 boc
819 1412 909 1470 ctiam
932 1408 1029 1470 dirimi
1054 1408 1092 1472 ob
1114 1425 1193 1490 cug-

51 1515 205 1574 naticuem
234 1510 419 1591 spiritualem
431 1507 465 1586 ¹).
491 1543 539 1588 5-
567 1511 611 1572 De
641 1515 760 1594 origiue
783 1509 870 1592 liujus
893 1491 1193 1592 impedimeu'lt'cer-

52 1619 114 1676 tum
137 1620 194 1694 est,
218 1617 351 1694 patrinos
373 1611 466 1676 luisse
488 1613 634 1676 adhibitos
657 1613 693 1675 ab
716 1607 931 1694 antiquissimis
942 1615 1088 1676 ecclesiae
1112 1620 1193 1675 tem·

51 1716 195 1796 poribus;
224 1715 389 1798 Polydorus
420 1713 600 1800 Virgilius²)
632 1715 735 1779 scribit
758 1715 908 1802 Hyginum
932 1717 960 1780 S.
985 1714 1015 1776 P.
1046 1727 1087 1784 (a.
1115 1713 1192 1792 139)

50 1817 120 1880 illos
145 1823 324 1894 instituissc3
357 1819 407 1881 alii
438 1829 537 1882 autem
567 1821 645 1882 bunc
675 1839 789 1880 murem
819 1819 966 1884 reducunt
997 1819 1034 1882 ad
1059 1827 1193 1899 lantpero

50 1919 309 2000 Apostolorum³).
355 1921 554 1986 Tertullianus
576 1928 669 2006 igilur
691 1923 823 2004 loquitur
845 1923 882 1984 dc
906 1927 1030 2002 patrinis
1055 1923 1192 2001 tauquam

51 2043 84 2086 rc
107 2031 250 2090 universe
273 2029 392 2110 cognita
413 2031 444 2087 iu
467 2021 653 2104 Ecclesia⁴)‚
677 2025 754 2086 uude
777 2025 969 2106 probabiliter
992 2021 1189 2102 concluditur,

50 2131 141 2188 etiam
164 2129 411 2208 impedimentum
434 2127 540 2190 exbac
562 2129 707 2190 relatione
728 2131 951 2208 interpolamus
975 2131 1004 2188 et
1028 2125 1193 2207 baptizatos

52 2247 207 2314 exurgens
238 2231 372 2314 ejusdem
401 2249 469 2295 csse
500 2226 729 2311 antiquitatis&
776 2231 890 2292 Primus
923 2237 1021 2292 lamen
1050 2246 1197 2316 expresse¹

52 2338 191 2396 meminit
212 2334 300 2416 bujus
323 2335 526 2416 impedimenti
543 2333 723 2396 lustiulauus
746 2335 776 2394 iu
801 2333 921 2394 saeculo
945 2337 1031 2394 sexto
1054 2333 1084 2391 iu
1108 2333 1126 2394 l.
1140 2322 1191 2393 26.

51 2437 118 2501 cod.
144 2435 182 2500 de
204 2444 286 2518 nupt.
312 2437 361 2500 ubi
383 2455 444 2517 „ca
462 2453 590 2517 persona
613 2434 784 2498 omnimodo
807 2432 845 2495 ad
859 2437 1094 2514 nuptiasvcuire
1117 2423 1193 2518 ¹prc-¹

49 2521 180 2604 bibenda
203 2541 386 2618 declaratur,
416 2558 505 2621 quam
528 2539 653 2619 aliquis,
678 2544 743 2600 siva
766 2537 885 2600 alumna
908 2543 964 2614 sit,
988 2542 1053 2598 sive
1078 2554 1147 2613 uon,
1173 2553 1191 2597 a

50 2659 139 2706 sacro
162 2647 293 2726 suscepit
314 2643 524 2726 baptismate.“
568 2639 653 2706 Ratio
676 2641 880 2726 subjungitur:
904 2643 995 2718 „cum
1019 2638 1090 2700 nihil
1112 2635 1194 2725 aliud

50 2749 94 2806 sic
116 2747 263 2808 inducere
299 2750 398 2828 potest
429 2751 582 2828 paternam
612 2743 801 2808 allectionem
829 2749 859 2804 et
883 2741 995 2824 justam
1024 2721 1209 2821 nuptiarum'

50 2846 293 2931 prohibitionem,
317 2867 406 2934 quam
428 2845 600 2931 hujusmodi
622 2867 727 2930 nexus,
753 2845 918 2930 perquem,
943 2845 1007 2907 Dec
1030 2841 1190 2923 mediante,

53 3052 263 3066 *uhtu-u·-

77 3140 100 3208 ¹)
120 3139 243 3194 Sauchez.
262 3140 304 3192 llb.
324 3142 346 3192 7.
366 3139 431 3208 disp.
449 3139 490 3190 45.
509 3155 534 3190 n.
553 3139 577 3192 3.
612 3137 752 3210 Schmalzg.
770 3135 813 3190 lib.
832 3138 857 3192 d.
876 3137 912 3189 tit.
933 3135 974 3189 it.
992 3151 1017 3188 n.
1036 3133 1063 3204 b,

76 3227 100 3293 ²)
118 3225 173 3278 Lib.
192 3227 216 3278 l.
235 3227 267 3280 de
285 3229 380 3278 invent.
398 3240 451 3278 ver.
470 3241 492 3277 c.
511 3227 536 3278 4.

78 3313 102 3378 ³)
121 3312 247 3375 casellas,
266 3310 428 3380 Landulpbus
447 3309 570 3364 Cartbius.
632 3354 633 3357 ,

74 3396 103 3464 ⁴)
120 3397 176 3450 bitu.
193 3397 226 3449 dc
244 3399 358 3465 baptism.
376 3414 399 3450 e.
419 3395 459 3448 ia.

77 3482 102 3550 Ι)
120 3483 208 3536 itatem
218 3483 365 3551 Procorpius
382 3486 408 3534 io
428 3483 469 3534 lib.
492 3484 513 3533 t.
531 3479 593 3533 llist.
611 3497 662 3534 arc.
681 3481 739 3533 oiim
759 3482 785 3530 in
803 3490 875 3531 merc
892 3478 971 3528 tuisse
985 3472 1195 3541 christianorum,

123 3577 154 3623 ut
176 3570 240 3623 tttioa
268 3569 318 3622 sibl
342 3572 497 3638 adaptarent
520 3583 573 3632 eos,
597 3583 659 3637 quos
684 3569 716 3618 ad
739 3573 853 3618 sanctam
875 3563 1016 3614 Ecclesiam
1040 3562 1196 3629 suscipiendi

6 3711 9 3716 ,
122 3653 282 3723 baptismatis
298 3670 374 3707 causa
401 3655 568 3718 adducerent3
594 3664 722 3722 praeterea
741 3667 787 3720 pro
810 3652 941 3718 baptizatis
967 3647 1140 3730 spondebant,
1163 3663 1196 3698 ue

123 3756 237 3811 uuqrtam
254 3740 404 3809 baptismate
422 3740 603 3804 abuterentur,
622 3755 669 3791 uec
687 3737 836 3790 recederent
851 3737 888 3787 ab
903 3734 1032 3797 Ecclesia,
1048 3734 1195 3817 'undejsub-

124 3836 241 3896 deplores
267 3832 344 3880 wan
367 3815 501 3896 sponsores
525 3826 730 3895 appellabantur,
759 3823 825 3894 quod
851 3835 913 3872 sane
940 3819 1196 3872 omninolldrln'olr

124 3922 233 3984 poterat,
250 3916 298 3966 nisi
310 3914 436 3984 quasdam
454 3917 533 3968 iomar
547 3923 667 3982 pateruae
679 3917 828 3978 potestatem
846 3911 872 3960 iu
886 3908 1026 3976 beptltatos
1043 3912 1195 3960 exercerent.

124 3999 363 4070 eorrumptiu
402 4031 406 4038 ·
441 4051 446 4064 ,
652 4027 655 4034 ·
936 4021 939 4030 .
982 3998 1023 4032 r.
1166 4004 1169 4026 t

879 4095 883 4100 “
931 4082 991 4151 10*
