2758 4664
410 301 461 398 'ito
476 302 564 362 &usis
582 305 817 360 matrimonialibus.
1130 289 1191 359 193

52 466 155 546 nequit
176 459 351 544 dispensare
371 463 471 527 valide
493 468 559 528 sine
580 469 697 529 ratione
718 463 879 529 suiiiolenti
887 462 915 543 ¹)
921 483 931 543 3
962 481 1071 531 causae
1093 471 1192 532 sutem

51 565 240 629 sufficientes
262 564 409 630 habentur
430 574 612 648 sequentesz

138 667 174 741 i)
196 667 364 734 Periculum
385 669 475 733 valde
503 689 645 757 magnum
679 673 915 734 incontinentiae
945 689 999 736 seu
1022 671 1190 754 frequentis

50 773 151 854 lapsus
181 776 303 849 carnis,
341 779 372 834 et
403 773 524 856 quidem
552 793 615 838 non
644 781 756 838 tantum
789 779 965 856 praesertim
998 778 1030 837 in
1060 774 1191 854 leminis,

49 875 169 957 quando
208 876 373 954 peniculum
413 876 451 940 ab
483 882 647 942 intrinseco
678 896 718 940 ex
748 881 867 959 propria
905 877 1096 958 infirmitate,
1139 879 1194 943 sed

49 984 140 1042 etiam
165 977 284 1058 quando
306 978 345 1040 ab
365 981 539 1043 extrinseco
561 985 710 1062 provenit.
733 985 737 992 ‘

134 1081 171 1155 2)
196 1079 361 1144 liliiieultas
384 1081 472 1143 valde
494 1083 633 1146 notabilis
655 1081 824 1165 exequendi
837 1088 952 1161 votum,
977 1087 1003 1147 si
1026 1088 1126 1170 agitur
1148 1084 1186 1147 de

47 1191 120 1249 voto
143 1183 332 1269 ingrediendi
355 1185 546 1269 religionem.

6 1289 8 1292 ’
135 1285 173 1362 3)
195 1287 290 1372 llajus
312 1287 443 1368 bonum,
474 1287 554 1370 quod
587 1293 724 1370 speratur
754 1309 793 1353 ex
815 1293 927 1371 nuptiis
949 1308 979 1352 v.
1002 1309 1033 1373 g.
1056 1292 1189 1354 rixarum

47 1388 177 1469 sedatio,
200 1395 404 1470 praeservatio
428 1391 557 1455 familiae
580 1397 638 1456 etc.

135 1491 172 1569 4)
194 1491 319 1566 Quando
342 1500 441 1557 cessat
463 1513 552 1557 causa
574 1493 733 1576 impulsiva
755 1494 791 1558 ad
814 1495 1004 1572 vovendum;
1026 1502 1060 1558 ut
1081 1499 1107 1558 sl
1129 1513 1190 1558 vo-

44 1601 117 1659 visti
141 1601 328 1672 castitatem,
351 1601 420 1678 quia
442 1597 583 1677 sperabas
605 1596 724 1678 ingredi
747 1598 926 1682 religionem
949 1603 1073 1678 certam,
1097 1615 1186 1680 quarn

45 1705 153 1762 tamen
176 1699 264 1762 modo
286 1715 347 1762 non
369 1705 456 1784 potes
479 1699 605 1780 amplius
627 1699 756 1783 ingredi.
944 1772 950 1787 .

136 1801 173 1880 5)
197 1801 321 1876 Quando
344 1807 518 1884 supervenit
540 1801 671 1882 dubium,
700 1821 738 1866 an
762 1807 885 1868 materia
907 1809 970 1868 voti
994 1821 1055 1867 non
1077 1807 1116 1868 sit
1136 1807 1189 1866 in-

45 1912 132 1969 terea
157 1906 236 1969 lacta
259 1905 381 1986 majoris
403 1903 471 1969 boni
491 1905 674 1988 impeditiva.

139 2005 175 2086 6)
207 2007 332 2081 Quando
359 2014 536 2092 supervenit
567 2009 707 2089 dubium,
752 2027 790 2071 an
823 2015 924 2072 votum
959 2011 999 2072 sit
1031 2007 1194 2074 deliberate

46 2116 213 2188 emissum;
236 2115 412 2192 praesertim
435 2109 554 2196 quando
577 2129 593 2174 a
615 2115 716 2192 pueris
739 2115 770 2170 et
791 2109 898 2191 puellis
921 2111 1053 2174 nondum
1067 2113 1194 2196 puberi·

44 2213 306 2278 mmmmt

139 2315 175 2394 7)
209 2316 240 2381 Si
269 2322 351 2380 metu
380 2321 469 2380 etiam
499 2318 577 2399 levi,
607 2317 717 2400 injuste
738 2319 882 2398 incusso,
914 2318 964 2380 vel
992 2316 1062 2381 dolo
1090 2312 1220 2382 votum

45 2427 97 2486 est
120 2425 285 2484 extortum.

137 2523 173 2586 v.
194 2523 302 2588 llodus
331 2521 451 2606 petendi
481 2527 511 2586 et
541 2526 710 2607 exequendi
733 2524 986 2605 dispensationem
1007 2527 1039 2586 in
1061 2524 1194 2606 impedi-

45 2633 162 2692 mentis
189 2626 422 2708 impedientlitus
454 2627 560 2690 similis
593 2635 640 2691 est
668 2629 729 2708 illi,
765 2645 854 2708 quem
891 2628 971 2691 inira
1007 2643 1193 2710 exponemus

46 2733 88 2796 de
120 2731 344 2812 dispensatione
374 2735 405 2794 in
433 2727 655 2812 impedimentis
687 2731 910 2808 dirimentibus3
949 2729 1192 2816 distinguendum

47 2839 144 2898 etiam
167 2837 244 2913 erit,
269 2853 339 2897 num
363 2832 609 2915 impedimentum
632 2837 671 2896 sii
694 2831 841 2896 occultum
865 2853 903 2898 an
926 2833 1085 2916 publicum.
1129 2833 1194 2898 lm-

46 2938 257 3020 pedimentum
280 2940 341 2999 voti
364 2935 507 3017 simplicis
531 2953 570 2997 ex
591 2942 696 2998 natura
719 2940 764 2997 rei
788 2937 963 3020 plerumque
979 2942 1059 3000 inter
1077 2938 1194 3002 occulta

47 3047 205 3105 censetur.
242 3037 319 3100 llinc
349 3037 535 3120 dispensatio
567 3043 599 3101 in
621 3038 679 3103 lroc
701 3058 774 3103 casu
795 3040 851 3103 sub
873 3040 942 3103 ficto
965 3045 1088 3104 nomine
1111 3040 1194 3104 obti-

46 3149 153 3224 netur,
178 3147 208 3204 et
230 3143 402 3204 executioni
425 3139 565 3204 daturin
588 3141 782 3206 consessione
805 3150 836 3205 et
858 3144 984 3206 durante
1003 3143 1119 3226 judicio
1141 3161 1194 3208 sa-

47 3245 237 3310 eramentali.
283 3241 383 3320 Quare
405 3244 516 3311 auditis
537 3249 686 3328 peccatis,
710 3251 876 3330 praemisso
899 3251 1037 3312 examine
1059 3251 1194 3310 veritatis

77 3495 102 3562 ¹)
121 3495 160 3548 Do
184 3501 307 3564 perpetuo
330 3499 390 3547 voto
414 3495 534 3546 castitatis
562 3493 645 3546 elicito
673 3503 732 3547 ante
763 3504 920 3548 contractum
948 3495 1146 3557 matrimonium,
1175 3497 1197 3546 si

123 3590 212 3650 postea
236 3583 422 3634 matrimonium
450 3579 481 3632 de
505 3581 572 3633 iacto
588 3581 642 3646 jorn
661 3590 818 3635 contractum
837 3581 926 3644 iussit,
949 3581 1076 3648 Episcopo
1097 3579 1198 3631 videtur

124 3676 270 3735 competere
288 3676 399 3737 potestas
418 3665 589 3736 dispensandi,
608 3683 639 3720 ex
648 3669 780 3737 privilegio
799 3665 961 3734 dispensandi
979 3667 1005 3716 in
1024 3663 1198 3718 omnibusim-
1226 3682 1229 3688 ·

126 3753 278 3822 pedimentis
295 3753 532 3822 supervenientibns
550 3753 582 3806 ad
601 3754 711 3806 debitum
724 3753 861 3822 petendum
873 3752 961 3819 (Gury.
977 3750 1018 3806 11.
1037 3751 1109 3819 954.)
1126 3751 1196 3804 ldem

125 3837 261 3892 dicendum
288 3837 320 3891 de
343 3849 402 3893 voto
426 3843 547 3893 castitatis
572 3848 712 3908 perpetuae
736 3842 826 3902 emisso
851 3847 907 3906 post
929 3837 1116 3890 matrimonium
1134 3851 1197 3888 cou-

127 3931 245 3990 ttactum‚
264 3931 289 3977 ot
306 3925 338 3977 de
356 3925 480 3978 allinitete
498 3931 626 3978 eontracta
644 3941 675 3978 ex
693 3925 783 3994 copula
801 3928 946 3978 incestuosa
964 3939 1020 3975 cum
1031 3926 1070 3975 sui
1080 3921 1196 3992 conjugis

126 4013 318 4082 consanguinea
341 4013 369 4063 in
392 4015 473 4082 pn'mo
503 4021 528 4065 et
550 4009 662 4065 secundo
691 4011 779 4082 gradu.
817 4009 944 4063 lleiiienst.
971 4009 1080 4080 append.
1103 4013 1128 4078 s.
1156 4009 1197 4062 ti.

126 4099 166 4166 (n.
186 4097 237 4151 ose
254 4125 289 4140 -
307 4097 379 4165 soe.)
886 4088 892 4106 ¹

99 4200 303 4246 nomenmodo.
947 4182 987 4249 13
