2742 4660
152 201 196 272 60
416 215 454 268 lle
472 213 655 283 impedimentis
673 213 866 281 impedientibus
885 215 909 265 in
928 218 1021 286 specie.

179 378 215 454 2)
239 381 263 440 si
293 379 394 457 sponsi
426 377 537 456 roperti
568 372 681 434 luerint
710 387 771 432 non
800 376 872 434 satis
904 377 1041 440 instructi
1070 381 1102 442 in
1129 377 1288 463 religionis

237 479 413 542 christianae
435 477 620 539 rudimentis.
633 475 658 548 ¹)

237 579 433 644 litlanton
457 577 625 659 hujusmodi
648 577 762 660 obligat
780 578 865 657 juxta
888 597 993 644 omncs
1016 583 1071 646 sub
1094 587 1195 668 gravi3
1219 585 1289 665 quia

152 691 198 749 est
220 687 410 766 praeceptum
433 681 586 744 Ecclesiae
601 681 646 759 de
668 699 702 742 re
725 684 809 762 gravi
817 701 825 755 ;
849 687 960 764 excipit
985 685 1135 764 Sanchez‚
1168 684 1289 766 quando

152 794 192 853 sit
213 807 252 851 ex
274 803 363 848 causo
387 784 444 845 levi
468 785 505 846 ad
529 790 661 864 tempus,
692 783 742 844 vel
765 784 884 863 qnando
914 794 1032 868 sponsis
1055 795 1137 850 certo
1160 793 1286 865 constat,

151 890 396 971 impedimentum
414 892 464 948 aut
479 887 563 948 aliam
581 873 715 966 oausnmj
736 903 812 966 quae
831 891 953 950 timetur
968 897 999 951 et
1017 893 1054 954 ob
1072 911 1159 974 qnam
1177 891 1288 953 sactum

147 1000 199 1072 est
220 990 422 1065 interdictum,
445 1007 505 1050 non
529 990 706 1064 subsistere3
729 995 801 1050 tunc
824 994 921 1061 enirn,
946 997 996 1070 ait,
1020 995 1116 1056 solnrn
1139 993 1289 1076 obligaret

153 1097 209 1160 sub
225 1095 346 1157 veniali.
369 1129 413 1140 -
434 1092 590 1174 Nunquam
614 1097 713 1154 autern
731 1096 853 1154 vetitum
878 1095 1055 1173 particulare
1069 1097 1209 1178 Episcopi
1233 1116 1289 1160 seu

154 1201 230 1262 alios
253 1201 416 1278 superioris
439 1196 515 1276 Papa
536 1195 705 1272 inferioris,
730 1199 787 1258 nisi
809 1197 889 1260 aliud
912 1198 1009 1260 obstet
1030 1201 1289 1279 impedimentum,

153 1307 252 1366 irritat
281 1304 498 1362 matrimonium
527 1305 630 1361 contra
662 1297 718 1360 boc
745 1299 946 1386 interdictum
966 1303 1157 1364 celebratum.
1203 1304 1291 1365 Ratio

153 1410 214 1479 est,
245 1407 328 1484 quia,
355 1421 423 1464 cum
446 1401 614 1484 hujusmodi
639 1401 761 1480 praelati
791 1420 850 1463 non
874 1402 1002 1466 babeant
1024 1411 1200 1484 potestatem
1225 1412 1292 1468 sta-
1349 1397 1352 1401 ’

153 1505 253 1568 tuendi
272 1505 482 1586 impedimenta
501 1502 679 1583 dirimentia,
702 1509 835 1585 ipsorum
857 1506 1014 1585 probibitio
1032 1513 1212 1570 matrimonii
1231 1509 1307 1570 ob»

153 1615 232 1671 stare
256 1626 317 1670 non
339 1613 445 1688 potest.
490 1607 538 1670 Sic
562 1611 650 1670 etiam
672 1612 704 1668 in
723 1609 792 1688 jore
815 1608 969 1670 definitum
993 1608 1084 1685 est²l
1125 1612 1174 1673 An
1198 1617 1289 1674 etiam

153 1710 284 1772 validum
310 1715 350 1772 sit
372 1714 591 1773 matrimonium
621 1713 724 1773 c'ontra
747 1716 871 1774 vetitum
894 1717 1002 1776 summi
1025 1713 1191 1792 Pontificis,
1222 1713 1291 1775 vide

152 1811 230 1874 iufra
254 1815 281 1881 §.
306 1809 392 1888 465¹)

669 1972 697 2038 §.
722 1963 772 2028 21.

525 2089 558 2158 2)
575 2088 731 2148 Velitum
749 2091 917 2163 generale.

308 2209 335 2274 a)
353 2225 386 2259 ne
404 2207 565 2259 contrabatur
583 2211 767 2260 matrimonium
786 2213 840 2261 sine
858 2210 998 2262 bannorum
1019 2211 1199 2280 publicatione.

240 2329 264 2392 l.
286 2327 416 2390 Velitum
439 2329 582 2411 generale
604 2329 730 2392 habetur
752 2348 792 2390 ex
807 2328 1007 2410 prohibitione
1029 2335 1061 2392 in
1080 2332 1149 2412 jure
1173 2331 1296 2392 delinita

155 2435 330 2511 praesertim
357 2435 389 2492 in
411 2430 467 2492 boo
489 2431 673 2512 quadruplici
702 2451 787 2511 casu,
816 2434 932 2494 scilicet
959 2441 990 2503 at
1014 2452 1053 2494 ne
1075 2437 1297 2496 matrimonium

154 2534 344 2598 contrabatur
366 2538 432 2595 sine
454 2533 622 2596 bannorum
644 2535 844 2614 publicatione
851 2557 860 2611 3
883 2535 917 2612 bt
935 2555 973 2597 ne
996 2535 1188 2600 contrabatur
1211 2537 1299 2599 clan-

155 2637 271 2702 destine
294 2641 384 2698 etiam
406 2641 437 2698 in
459 2637 519 2700 illis
549 2638 641 2716 locis,
672 2637 722 2700 ubi
754 2638 907 2700 decretum
931 2639 1021 2702 Cone.
1046 2638 1125 2702 Trid.
1148 2637 1187 2700 de
1211 2640 1299 2702 clan-

131 2740 327 2812 ‚destioitate
351 2759 410 2802 non
434 2745 480 2802 est
502 2746 667 2820 recaptum;
691 2745 721 2816 c)
740 2759 777 2802 na
800 2741 991 2804 contrabatur
1013 2747 1093 2804 inter
1109 2740 1297 2804 haereticum

153 2848 184 2906 et
199 2841 373 2904 catholicam
389 2847 419 2902 et
435 2847 502 2904 vice
521 2860 621 2918 vorsa3
645 2843 679 2918 d)
693 2862 731 2906 ne
744 2843 943 2922 contrahatur,
968 2845 1072 2906 saltem
1084 2846 1171 2926 juxta
1184 2845 1298 2926 plures,

157 2949 222 3010 sine
246 2961 396 3009 consensu
419 2950 574 3026 parentum
598 2945 699 3008 debite
721 2951 876 3028 requisito.

239 3045 274 3108 ll.
298 3046 453 3128 Multiplex
474 3053 520 3110 cst
537 3048 613 3128 apud
632 3055 750 3112 veteres
768 3053 930 3130 scriptores
953 3057 983 3112 et
998 3055 1029 3114 iu
1048 3053 1181 3131 antiquis
1200 3051 1300 3112 docu-

154 3157 263 3214 mentis
286 3155 368 3214 notio
384 3151 518 3214 vocabuli
539 3148 726 3228 nanneni)
749 3152 814 3232 sed,
838 3153 982 3234 quidquid
1005 3159 1061 3232 est,
1080 3153 1142 3233 jam
1168 3153 1299 3232 pridem,

155 3305 362 3320 -—---··—·-

185 3394 207 3461 ¹)
225 3393 355 3446 Benedict.
374 3393 437 3445 XIV.
456 3396 481 3444 in
501 3395 571 3461 epist.
590 3393 687 3458 encycl.
706 3395 731 3444 7.
749 3391 824 3444 Febr.
845 3391 911 3444 lita
928 3392 988 3444 ride
1006 3392 1080 3444 inira.
1170 3387 1171 3390 ’

185 3483 207 3546 ²)
225 3480 268 3532 iio.
287 3483 310 3532 4.
331 3481 360 3533 Χ.
380 3481 501 3532 interdici.
521 3481 583 3531 eccl.
603 3497 624 3530 c.
645 3479 667 3530 l.
686 3482 709 3530 2.
729 3480 752 3530 3.

182 3567 205 3632 ³)
224 3567 377 3635 Scbmalzgr.
396 3568 433 3617 tit.
453 3566 492 3618 lo.
513 3569 537 3631 5.
557 3565 580 3617 1.
599 3564 684 3617 η.“12.

179 3653 202 3720 ⁴)
220 3652 306 3714 Rann,
325 3653 440 3713 bannus,
460 3651 600 3704 derivatum
620 3665 714 3702 avoca
733 3651 790 3712 ian,
812 3650 957 3716 (vexillum)
977 3650 1097 3718 primario
1115 3649 1243 3718 significat
1256 3669 1300 3702 co-

221 3743 348 3790 actionem
367 3755 413 3808 per
429 3737 558 3800 vexillum,
578 3744 603 3788 ct
620 3753 676 3787 eum
692 3737 811 3788 vexillum
831 3738 863 3788 sit
881 3735 985 3804 duplex,
1003 3735 1109 3786 militare
1127 3742 1152 3785 et
1166 3734 1300 3800 judiciale,

221 3824 280 3876 binc
299 3825 392 3893 duplex
410 3837 511 3892 quoque
535 3831 573 3872 est
590 3824 636 3873 iata
655 3823 817 3892 congregatio
835 3823 889 3873 sive
907 3821 1021 3885 bannus,
1048 3821 1161 3871 militaris
1181 3829 1206 3872 et
1226 3821 1298 3887 judi·

222 3910 298 3962 cialis.
317 3909 426 3961 Baiones
440 3908 580 3972 judicialis
599 3916 637 3959 est
651 3908 807 3974 jurisdictio,
826 3905 900 3973 cujus
920 3909 1019 3976 signum
1038 3907 1097 3958 olim
1116 3905 1162 3956 luit
1180 3907 1299 3958 vexillum

218 3995 358 4063 judiciale;
384 3997 552 4049 tamboanus
577 3997 652 4047 otiam
675 4001 745 4046 notat
762 3995 867 4046 limitem
890 4002 916 4046 et
932 3995 996 4046 lines
1020 4007 1137 4063 agrorum
1162 3994 1189 4043 iu
1214 3993 1299 4047 banno
