<?xml version="1.0" encoding="UTF-8"?>
<!DOCTYPE html PUBLIC "-//W3C//DTD XHTML 1.0 Transitional//EN"
    "http://www.w3.org/TR/xhtml1/DTD/xhtml1-transitional.dtd">
<html xmlns="http://www.w3.org/1999/xhtml" xml:lang="en" lang="en">
 <head>
  <title>
</title>
<meta http-equiv="Content-Type" content="text/html;charset=utf-8" />
  <meta name='ocr-system' content='tesseract 3.04.00' />
  <meta name='ocr-capabilities' content='ocr_page ocr_carea ocr_par ocr_line ocrx_word'/>
</head>
<body>
  <div class='ocr_page' id='page_1' title='image "./dematrimoniotra00heisgoog_0100.png"; bbox 0 0 2746 4646; ppageno 0'>
   <div class='ocr_carea' id='block_1_1' title="bbox 322 215 1193 304">
    <p class='ocr_par' dir='ltr' id='par_1_1' title="bbox 322 215 1193 304">
     <span class='ocr_line' id='line_1_1' title="bbox 322 215 1193 304; baseline -0.008 -14"><span class='ocrx_word' id='word_1_1' title='bbox 322 237 360 290; x_wconf 84' lang='lat' dir='ltr'>De</span> <span class='ocrx_word' id='word_1_2' title='bbox 376 233 562 304; x_wconf 65' lang='lat' dir='ltr'>impedimentis</span> <span class='ocrx_word' id='word_1_3' title='bbox 580 231 773 302; x_wconf 70' lang='lat' dir='ltr'>impedientibus</span> <span class='ocrx_word' id='word_1_4' title='bbox 790 235 816 286; x_wconf 88' lang='lat' dir='ltr'>in</span> <span class='ocrx_word' id='word_1_5' title='bbox 834 235 928 302; x_wconf 80' lang='lat' dir='ltr'>spacia.</span> <span class='ocrx_word' id='word_1_6' title='bbox 1152 215 1193 284; x_wconf 79' lang='grc'>75</span> 
     </span>
    </p>
   </div>
   <div class='ocr_carea' id='block_1_2' title="bbox 49 391 1194 2326">
    <p class='ocr_par' dir='ltr' id='par_1_2' title="bbox 50 391 1194 1497">
     <span class='ocr_line' id='line_1_2' title="bbox 55 391 1194 472; baseline 0 -18"><span class='ocrx_word' id='word_1_7' title='bbox 55 393 249 472; x_wconf 86' lang='lat' dir='ltr'>Dispensatto</span> <span class='ocrx_word' id='word_1_8' title='bbox 271 398 370 456; x_wconf 89' lang='lat' dir='ltr'>autem</span> <span class='ocrx_word' id='word_1_9' title='bbox 388 393 464 456; x_wconf 90' lang='lat' dir='ltr'>haec</span> <span class='ocrx_word' id='word_1_10' title='bbox 482 392 520 455; x_wconf 91' lang='lat' dir='ltr'>ad</span> <span class='ocrx_word' id='word_1_11' title='bbox 540 391 622 456; x_wconf 90' lang='lat' dir='ltr'>licite</span> <span class='ocrx_word' id='word_1_12' title='bbox 642 391 771 454; x_wconf 87' lang='lat' dir='ltr'>ineunda</span> <span class='ocrx_word' id='word_1_13' title='bbox 790 394 979 456; x_wconf 88' lang='lat' dir='ltr'>matrimonia</span> <span class='ocrx_word' id='word_1_14' title='bbox 1002 394 1094 452; x_wconf 81' lang='lat' dir='ltr'>mixta</span> <span class='ocrx_word' id='word_1_15' title='bbox 1113 409 1194 472; x_wconf 85' lang='lat' dir='ltr'>quo-</span> 
     </span>
     <span class='ocr_line' id='line_1_3' title="bbox 54 491 1193 580; baseline -0.002 -24"><span class='ocrx_word' id='word_1_16' title='bbox 54 495 144 558; x_wconf 90' lang='lat' dir='ltr'>modo</span> <span class='ocrx_word' id='word_1_17' title='bbox 172 500 211 558; x_wconf 89' lang='lat' dir='ltr'>sit</span> <span class='ocrx_word' id='word_1_18' title='bbox 242 496 454 580; x_wconf 81' lang='lat' dir='ltr'>intelligenda,</span> <span class='ocrx_word' id='word_1_19' title='bbox 487 499 660 576; x_wconf 78' lang='lat' dir='ltr'>quaerenti,</span> <span class='ocrx_word' id='word_1_20' title='bbox 691 494 736 559; x_wconf 88' lang='lat' dir='ltr'>bis</span> <span class='ocrx_word' id='word_1_21' title='bbox 758 495 859 558; x_wconf 86' lang='lat' dir='ltr'>verbis</span> <span class='ocrx_word' id='word_1_22' title='bbox 887 491 1099 573; x_wconf 85' lang='lat' dir='ltr'>respondetur:</span> <span class='ocrx_word' id='word_1_23' title='bbox 1139 494 1193 572; x_wconf 85' lang='lat' dir='ltr'>„Si</span> 
     </span>
     <span class='ocr_line' id='line_1_4' title="bbox 54 595 1190 678; baseline -0.002 -20"><span class='ocrx_word' id='word_1_24' title='bbox 54 597 195 660; x_wconf 84' lang='lat' dir='ltr'>adhibitis</span> <span class='ocrx_word' id='word_1_25' title='bbox 219 603 398 662; x_wconf 89' lang='lat' dir='ltr'>necessariis</span> <span class='ocrx_word' id='word_1_26' title='bbox 421 597 545 662; x_wconf 74' lang='lat' dir='ltr'>cautelis</span> <span class='ocrx_word' id='word_1_27' title='bbox 568 596 707 661; x_wconf 88' lang='lat' dir='ltr'>Summus</span> <span class='ocrx_word' id='word_1_28' title='bbox 725 597 861 660; x_wconf 78' lang='lat' dir='ltr'>Pontifex</span> <span class='ocrx_word' id='word_1_29' title='bbox 884 595 1047 676; x_wconf 83' lang='lat' dir='ltr'>prudenter</span> <span class='ocrx_word' id='word_1_30' title='bbox 1065 597 1190 678; x_wconf 88' lang='lat' dir='ltr'>judicat,</span> 
     </span>
     <span class='ocr_line' id='line_1_5' title="bbox 52 698 1192 781; baseline 0 -19"><span class='ocrx_word' id='word_1_31' title='bbox 52 719 109 780; x_wconf 91' lang='lat' dir='ltr'>per</span> <span class='ocrx_word' id='word_1_32' title='bbox 132 719 184 762; x_wconf 89' lang='lat' dir='ltr'>eas</span> <span class='ocrx_word' id='word_1_33' title='bbox 207 702 371 781; x_wconf 88' lang='lat' dir='ltr'>periculum</span> <span class='ocrx_word' id='word_1_34' title='bbox 394 701 483 779; x_wconf 89' lang='lat' dir='ltr'>illud,</span> <span class='ocrx_word' id='word_1_35' title='bbox 509 717 546 762; x_wconf 91' lang='lat' dir='ltr'>ne</span> <span class='ocrx_word' id='word_1_36' title='bbox 569 701 619 762; x_wconf 85' lang='lat' dir='ltr'>lex</span> <span class='ocrx_word' id='word_1_37' title='bbox 642 700 784 762; x_wconf 89' lang='lat' dir='ltr'>naturalis</span> <span class='ocrx_word' id='word_1_38' title='bbox 807 717 862 762; x_wconf 89' lang='lat' dir='ltr'>seu</span> <span class='ocrx_word' id='word_1_39' title='bbox 884 698 982 762; x_wconf 77' lang='lat' dir='ltr'>divina</span> <span class='ocrx_word' id='word_1_40' title='bbox 1003 700 1134 762; x_wconf 82' lang='lat' dir='ltr'>violetur</span> <span class='ocrx_word' id='word_1_41' title='bbox 1155 700 1192 762; x_wconf 87' lang='lat' dir='ltr'>ab</span> 
     </span>
     <span class='ocr_line' id='line_1_6' title="bbox 50 802 1192 883; baseline 0.003 -20"><span class='ocrx_word' id='word_1_42' title='bbox 50 807 92 864; x_wconf 91' lang='lat' dir='ltr'>ita</span> <span class='ocrx_word' id='word_1_43' title='bbox 116 804 372 880; x_wconf 87' lang='lat' dir='ltr'>contrahentibus,</span> <span class='ocrx_word' id='word_1_44' title='bbox 405 810 474 866; x_wconf 88' lang='lat' dir='ltr'>tuno</span> <span class='ocrx_word' id='word_1_45' title='bbox 498 803 573 866; x_wconf 91' lang='lat' dir='ltr'>tollit</span> <span class='ocrx_word' id='word_1_46' title='bbox 594 821 648 882; x_wconf 89' lang='lat' dir='ltr'>per</span> <span class='ocrx_word' id='word_1_47' title='bbox 670 802 922 882; x_wconf 88' lang='lat' dir='ltr'>dispensationem</span> <span class='ocrx_word' id='word_1_48' title='bbox 942 803 1019 883; x_wconf 86' lang='lat' dir='ltr'>juris</span> <span class='ocrx_word' id='word_1_49' title='bbox 1042 803 1192 866; x_wconf 88' lang='lat' dir='ltr'>ecclesia-</span> 
     </span>
     <span class='ocr_line' id='line_1_7' title="bbox 52 906 1188 988; baseline 0.002 -21"><span class='ocrx_word' id='word_1_50' title='bbox 52 911 139 985; x_wconf 91' lang='lat' dir='ltr'>stici,</span> <span class='ocrx_word' id='word_1_51' title='bbox 171 925 247 988; x_wconf 86' lang='lat' dir='ltr'>quae</span> <span class='ocrx_word' id='word_1_52' title='bbox 277 913 438 988; x_wconf 88' lang='lat' dir='ltr'>praecipue</span> <span class='ocrx_word' id='word_1_53' title='bbox 467 910 668 986; x_wconf 88' lang='lat' dir='ltr'>perversionis</span> <span class='ocrx_word' id='word_1_54' title='bbox 691 907 824 986; x_wconf 89' lang='lat' dir='ltr'>periculo</span> <span class='ocrx_word' id='word_1_55' title='bbox 854 906 1014 968; x_wconf 78' lang='lat' dir='ltr'>ordinario</span> <span class='ocrx_word' id='word_1_56' title='bbox 1043 909 1188 970; x_wconf 87' lang='lat' dir='ltr'>innititur.</span> 
     </span>
     <span class='ocr_line' id='line_1_8' title="bbox 51 1009 1188 1091; baseline 0.001 -21"><span class='ocrx_word' id='word_1_57' title='bbox 51 1009 165 1088; x_wconf 88' lang='lat' dir='ltr'>„Tales</span> <span class='ocrx_word' id='word_1_58' title='bbox 183 1015 261 1071; x_wconf 90' lang='lat' dir='ltr'>enim</span> <span class='ocrx_word' id='word_1_59' title='bbox 280 1015 378 1091; x_wconf 90' lang='lat' dir='ltr'>reipsa</span> <span class='ocrx_word' id='word_1_60' title='bbox 395 1027 575 1073; x_wconf 90' lang='lat' dir='ltr'>concurrere</span> <span class='ocrx_word' id='word_1_61' title='bbox 598 1015 722 1090; x_wconf 87' lang='lat' dir='ltr'>possunt</span> <span class='ocrx_word' id='word_1_62' title='bbox 738 1013 990 1087; x_wconf 89' lang='lat' dir='ltr'>circumstantiae,</span> <span class='ocrx_word' id='word_1_63' title='bbox 1008 1027 1095 1090; x_wconf 89' lang='lat' dir='ltr'>quae,</span> <span class='ocrx_word' id='word_1_64' title='bbox 1120 1028 1188 1071; x_wconf 90' lang='lat' dir='ltr'>oum</span> 
     </span>
     <span class='ocr_line' id='line_1_9' title="bbox 51 1109 1189 1194; baseline 0.002 -22"><span class='ocrx_word' id='word_1_65' title='bbox 51 1111 160 1189; x_wconf 91' lang='lat' dir='ltr'>abeo,</span> <span class='ocrx_word' id='word_1_66' title='bbox 185 1118 236 1194; x_wconf 89' lang='lat' dir='ltr'>qui</span> <span class='ocrx_word' id='word_1_67' title='bbox 258 1113 449 1194; x_wconf 90' lang='lat' dir='ltr'>dispensandi</span> <span class='ocrx_word' id='word_1_68' title='bbox 474 1111 643 1175; x_wconf 83' lang='lat' dir='ltr'>facultatem</span> <span class='ocrx_word' id='word_1_69' title='bbox 667 1109 770 1190; x_wconf 90' lang='lat' dir='ltr'>habet,</span> <span class='ocrx_word' id='word_1_70' title='bbox 794 1127 945 1192; x_wconf 84' lang='lat' dir='ltr'>expensae</span> <span class='ocrx_word' id='word_1_71' title='bbox 967 1109 1094 1190; x_wconf 85' lang='lat' dir='ltr'>luerint,</span> <span class='ocrx_word' id='word_1_72' title='bbox 1119 1112 1189 1174; x_wconf 90' lang='lat' dir='ltr'>adl·</span> 
     </span>
     <span class='ocr_line' id='line_1_10' title="bbox 52 1213 1193 1298; baseline 0.004 -26"><span class='ocrx_word' id='word_1_73' title='bbox 52 1219 116 1274; x_wconf 89' lang='lat' dir='ltr'>tum</span> <span class='ocrx_word' id='word_1_74' title='bbox 134 1219 271 1294; x_wconf 87' lang='lat' dir='ltr'>aperiunt</span> <span class='ocrx_word' id='word_1_75' title='bbox 290 1219 477 1279; x_wconf 87' lang='lat' dir='ltr'>concessioni</span> <span class='ocrx_word' id='word_1_76' title='bbox 495 1215 647 1298; x_wconf 83' lang='lat' dir='ltr'>legitimae</span> <span class='ocrx_word' id='word_1_77' title='bbox 666 1215 908 1295; x_wconf 83' lang='lat' dir='ltr'>dispensationis,</span> <span class='ocrx_word' id='word_1_78' title='bbox 933 1213 1017 1293; x_wconf 88' lang='lat' dir='ltr'>cujus</span> <span class='ocrx_word' id='word_1_79' title='bbox 1035 1219 1066 1276; x_wconf 90' lang='lat' dir='ltr'>vi</span> <span class='ocrx_word' id='word_1_80' title='bbox 1087 1219 1193 1276; x_wconf 87' lang='lat' dir='ltr'>matri-</span> 
     </span>
     <span class='ocr_line' id='line_1_11' title="bbox 52 1316 1192 1400; baseline 0.004 -25"><span class='ocrx_word' id='word_1_81' title='bbox 52 1321 186 1379; x_wconf 85' lang='lat' dir='ltr'>monium</span> <span class='ocrx_word' id='word_1_82' title='bbox 215 1322 296 1380; x_wconf 88' lang='lat' dir='ltr'>iniar</span> <span class='ocrx_word' id='word_1_83' title='bbox 324 1325 440 1400; x_wconf 87' lang='lat' dir='ltr'>partes,</span> <span class='ocrx_word' id='word_1_84' title='bbox 473 1317 652 1380; x_wconf 89' lang='lat' dir='ltr'>haereticam</span> <span class='ocrx_word' id='word_1_85' title='bbox 683 1335 770 1380; x_wconf 87' lang='lat' dir='ltr'>unam</span> <span class='ocrx_word' id='word_1_86' title='bbox 804 1316 986 1398; x_wconf 80' lang='lat' dir='ltr'>alteramque</span> <span class='ocrx_word' id='word_1_87' title='bbox 1016 1317 1192 1380; x_wconf 91' lang='lat' dir='ltr'>catholicam</span> 
     </span>
     <span class='ocr_line' id='line_1_12' title="bbox 50 1421 942 1497; baseline 0.006 -17"><span class='ocrx_word' id='word_1_88' title='bbox 50 1421 169 1482; x_wconf 82' lang='lat' dir='ltr'>licitam</span> <span class='ocrx_word' id='word_1_89' title='bbox 192 1421 400 1497; x_wconf 87' lang='lat' dir='ltr'>reddatur.“¹)</span> <span class='ocrx_word' id='word_1_90' title='bbox 938 1476 942 1485; x_wconf 95' lang='lat'><em>.</em></span> 
     </span>
    </p>

    <p class='ocr_par' dir='ltr' id='par_1_3' title="bbox 49 1521 1193 2326">
     <span class='ocr_line' id='line_1_13' title="bbox 142 1521 1192 1608; baseline 0.004 -28"><span class='ocrx_word' id='word_1_91' title='bbox 142 1521 175 1587; x_wconf 87' lang='lat' dir='ltr'>V.</span> <span class='ocrx_word' id='word_1_92' title='bbox 200 1523 319 1586; x_wconf 85' lang='lat' dir='ltr'>Cautela</span> <span class='ocrx_word' id='word_1_93' title='bbox 348 1542 422 1608; x_wconf 78' lang='lat' dir='ltr'>ergo</span> <span class='ocrx_word' id='word_1_94' title='bbox 445 1529 606 1604; x_wconf 90' lang='lat' dir='ltr'>praecipue</span> <span class='ocrx_word' id='word_1_95' title='bbox 634 1521 799 1585; x_wconf 88' lang='lat' dir='ltr'>adhibenda</span> <span class='ocrx_word' id='word_1_96' title='bbox 824 1528 885 1602; x_wconf 90' lang='lat' dir='ltr'>est,</span> <span class='ocrx_word' id='word_1_97' title='bbox 921 1521 952 1599; x_wconf 89' lang='lat' dir='ltr'>l)</span> <span class='ocrx_word' id='word_1_98' title='bbox 975 1528 1007 1584; x_wconf 89' lang='lat' dir='ltr'>nt</span> <span class='ocrx_word' id='word_1_99' title='bbox 1030 1537 1192 1584; x_wconf 89' lang='lat' dir='ltr'>removea-</span> 
     </span>
     <span class='ocr_line' id='line_1_14' title="bbox 51 1623 1188 1708; baseline 0.001 -21"><span class='ocrx_word' id='word_1_100' title='bbox 51 1632 102 1688; x_wconf 88' lang='lat' dir='ltr'>tur</span> <span class='ocrx_word' id='word_1_101' title='bbox 131 1628 297 1706; x_wconf 90' lang='lat' dir='ltr'>periculum</span> <span class='ocrx_word' id='word_1_102' title='bbox 329 1631 532 1708; x_wconf 91' lang='lat' dir='ltr'>perversionis</span> <span class='ocrx_word' id='word_1_103' title='bbox 561 1643 615 1706; x_wconf 92' lang='lat' dir='ltr'>pro</span> <span class='ocrx_word' id='word_1_104' title='bbox 646 1631 730 1706; x_wconf 89' lang='lat' dir='ltr'>parte</span> <span class='ocrx_word' id='word_1_105' title='bbox 761 1626 924 1701; x_wconf 90' lang='lat' dir='ltr'>catholica;</span> <span class='ocrx_word' id='word_1_106' title='bbox 956 1623 992 1701; x_wconf 70' lang='lat'>2)</span> <span class='ocrx_word' id='word_1_107' title='bbox 1024 1630 1057 1686; x_wconf 91' lang='lat' dir='ltr'>ut</span> <span class='ocrx_word' id='word_1_108' title='bbox 1087 1626 1188 1706; x_wconf 86' lang='lat' dir='ltr'>proles</span> 
     </span>
     <span class='ocr_line' id='line_1_15' title="bbox 51 1728 1191 1812; baseline 0 -22"><span class='ocrx_word' id='word_1_109' title='bbox 51 1733 210 1809; x_wconf 85' lang='lat' dir='ltr'>utriusque</span> <span class='ocrx_word' id='word_1_110' title='bbox 240 1747 331 1792; x_wconf 82' lang='lat' dir='ltr'>sexus</span> <span class='ocrx_word' id='word_1_111' title='bbox 358 1735 389 1792; x_wconf 90' lang='lat' dir='ltr'>in</span> <span class='ocrx_word' id='word_1_112' title='bbox 420 1730 563 1792; x_wconf 89' lang='lat' dir='ltr'>catholica</span> <span class='ocrx_word' id='word_1_113' title='bbox 590 1730 738 1812; x_wconf 84' lang='lat' dir='ltr'>religione</span> <span class='ocrx_word' id='word_1_114' title='bbox 768 1729 922 1791; x_wconf 89' lang='lat' dir='ltr'>educatur.</span> <span class='ocrx_word' id='word_1_115' title='bbox 967 1728 1104 1790; x_wconf 87' lang='lat' dir='ltr'>Formam</span> <span class='ocrx_word' id='word_1_116' title='bbox 1136 1745 1191 1790; x_wconf 91' lang='lat' dir='ltr'>seu</span> 
     </span>
     <span class='ocr_line' id='line_1_16' title="bbox 51 1831 1192 1914; baseline 0.001 -22"><span class='ocrx_word' id='word_1_117' title='bbox 51 1831 173 1893; x_wconf 92' lang='lat' dir='ltr'>modum</span> <span class='ocrx_word' id='word_1_118' title='bbox 196 1831 286 1912; x_wconf 88' lang='lat' dir='ltr'>hujus</span> <span class='ocrx_word' id='word_1_119' title='bbox 309 1833 455 1911; x_wconf 89' lang='lat' dir='ltr'>cautelae,</span> <span class='ocrx_word' id='word_1_120' title='bbox 479 1837 504 1894; x_wconf 91' lang='lat' dir='ltr'>si</span> <span class='ocrx_word' id='word_1_121' title='bbox 527 1833 604 1912; x_wconf 86' lang='lat' dir='ltr'>Papa</span> <span class='ocrx_word' id='word_1_122' title='bbox 626 1832 656 1894; x_wconf 89' lang='lat' dir='ltr'>id</span> <span class='ocrx_word' id='word_1_123' title='bbox 680 1849 740 1895; x_wconf 94' lang='lat' dir='ltr'>non</span> <span class='ocrx_word' id='word_1_124' title='bbox 762 1833 834 1894; x_wconf 87' lang='lat' dir='ltr'>iecit</span> <span class='ocrx_word' id='word_1_125' title='bbox 856 1849 909 1913; x_wconf 92' lang='lat' dir='ltr'>pro</span> <span class='ocrx_word' id='word_1_126' title='bbox 933 1831 1061 1914; x_wconf 80' lang='lat' dir='ltr'>singulis</span> <span class='ocrx_word' id='word_1_127' title='bbox 1084 1835 1192 1913; x_wconf 82' lang='lat' dir='ltr'>regio-</span> 
     </span>
     <span class='ocr_line' id='line_1_17' title="bbox 50 1932 1192 2016; baseline 0.002 -22"><span class='ocrx_word' id='word_1_128' title='bbox 50 1935 158 2011; x_wconf 90' lang='lat' dir='ltr'>nibus,</span> <span class='ocrx_word' id='word_1_129' title='bbox 193 1936 413 2014; x_wconf 84' lang='lat' dir='ltr'>praescribere,</span> <span class='ocrx_word' id='word_1_130' title='bbox 447 1933 493 1997; x_wconf 89' lang='lat' dir='ltr'>esi</span> <span class='ocrx_word' id='word_1_131' title='bbox 521 1951 615 2016; x_wconf 91' lang='lat' dir='ltr'>penes</span> <span class='ocrx_word' id='word_1_132' title='bbox 645 1934 823 2015; x_wconf 87' lang='lat' dir='ltr'>Episcopum</span> <span class='ocrx_word' id='word_1_133' title='bbox 851 1951 906 1998; x_wconf 91' lang='lat' dir='ltr'>seu</span> <span class='ocrx_word' id='word_1_134' title='bbox 935 1932 1088 2014; x_wconf 84' lang='lat' dir='ltr'>Synodum</span> <span class='ocrx_word' id='word_1_135' title='bbox 1118 1951 1192 2012; x_wconf 91' lang='lat' dir='ltr'>pro-</span> 
     </span>
     <span class='ocr_line' id='line_1_18' title="bbox 49 2037 1191 2122; baseline -0.002 -24"><span class='ocrx_word' id='word_1_136' title='bbox 49 2037 219 2099; x_wconf 89' lang='lat' dir='ltr'>vincialem.</span> <span class='ocrx_word' id='word_1_137' title='bbox 264 2039 297 2100; x_wconf 91' lang='lat' dir='ltr'>ln</span> <span class='ocrx_word' id='word_1_138' title='bbox 325 2039 407 2101; x_wconf 92' lang='lat' dir='ltr'>hisce</span> <span class='ocrx_word' id='word_1_139' title='bbox 435 2038 609 2122; x_wconf 82' lang='lat' dir='ltr'>regionibus</span> <span class='ocrx_word' id='word_1_140' title='bbox 636 2038 710 2100; x_wconf 86' lang='lat' dir='ltr'>haec</span> <span class='ocrx_word' id='word_1_141' title='bbox 739 2038 852 2100; x_wconf 88' lang='lat' dir='ltr'>cantela</span> <span class='ocrx_word' id='word_1_142' title='bbox 882 2055 936 2119; x_wconf 89' lang='lat' dir='ltr'>par</span> <span class='ocrx_word' id='word_1_143' title='bbox 964 2040 1191 2117; x_wconf 89' lang='lat' dir='ltr'>promissionem</span> 
     </span>
     <span class='ocr_line' id='line_1_19' title="bbox 49 2140 1193 2222; baseline 0 -22"><span class='ocrx_word' id='word_1_144' title='bbox 49 2157 152 2203; x_wconf 89' lang='lat' dir='ltr'>coram</span> <span class='ocrx_word' id='word_1_145' title='bbox 171 2140 235 2202; x_wconf 90' lang='lat' dir='ltr'>Deo</span> <span class='ocrx_word' id='word_1_146' title='bbox 259 2143 422 2204; x_wconf 87' lang='lat' dir='ltr'>solemnem</span> <span class='ocrx_word' id='word_1_147' title='bbox 447 2161 463 2203; x_wconf 94' lang='lat' dir='ltr'>a</span> <span class='ocrx_word' id='word_1_148' title='bbox 486 2147 570 2222; x_wconf 89' lang='lat' dir='ltr'>parte</span> <span class='ocrx_word' id='word_1_149' title='bbox 589 2141 739 2204; x_wconf 89' lang='lat' dir='ltr'>haeretica</span> <span class='ocrx_word' id='word_1_150' title='bbox 761 2145 930 2222; x_wconf 89' lang='lat' dir='ltr'>praestitam</span> <span class='ocrx_word' id='word_1_151' title='bbox 950 2140 1079 2203; x_wconf 81' lang='lat' dir='ltr'>obtineri</span> <span class='ocrx_word' id='word_1_152' title='bbox 1100 2140 1193 2216; x_wconf 84' lang='lat' dir='ltr'>solet3</span> 
     </span>
     <span class='ocr_line' id='line_1_20' title="bbox 50 2243 1191 2326; baseline 0.002 -22"><span class='ocrx_word' id='word_1_153' title='bbox 50 2243 269 2305; x_wconf 90' lang='lat' dir='ltr'>consulendum</span> <span class='ocrx_word' id='word_1_154' title='bbox 294 2249 351 2306; x_wconf 90' lang='lat' dir='ltr'>erit</span> <span class='ocrx_word' id='word_1_155' title='bbox 373 2248 603 2324; x_wconf 84' lang='lat' dir='ltr'>promissionem</span> <span class='ocrx_word' id='word_1_156' title='bbox 626 2245 705 2306; x_wconf 90' lang='lat' dir='ltr'>illam</span> <span class='ocrx_word' id='word_1_157' title='bbox 730 2250 840 2324; x_wconf 91' lang='lat' dir='ltr'>scripto</span> <span class='ocrx_word' id='word_1_158' title='bbox 867 2243 1006 2305; x_wconf 88' lang='lat' dir='ltr'>traditam</span> <span class='ocrx_word' id='word_1_159' title='bbox 1029 2261 1064 2304; x_wconf 96' lang='lat' dir='ltr'>ac</span> <span class='ocrx_word' id='word_1_160' title='bbox 1086 2247 1191 2326; x_wconf 82' lang='lat' dir='ltr'>signa-</span> 
     </span>
    </p>
   </div>
   <div class='ocr_carea' id='block_1_3' title="bbox 49 2347 1306 2430">
    <p class='ocr_par' dir='ltr' id='par_1_4' title="bbox 49 2347 1306 2430">
     <span class='ocr_line' id='line_1_21' title="bbox 49 2347 1306 2430; baseline 0.002 -25"><span class='ocrx_word' id='word_1_161' title='bbox 49 2351 108 2406; x_wconf 91' lang='lat' dir='ltr'>tam</span> <span class='ocrx_word' id='word_1_162' title='bbox 133 2364 151 2406; x_wconf 91' lang='lat' dir='ltr'>a</span> <span class='ocrx_word' id='word_1_163' title='bbox 176 2347 301 2409; x_wconf 89' lang='lat' dir='ltr'>testibus</span> <span class='ocrx_word' id='word_1_164' title='bbox 325 2353 355 2408; x_wconf 92' lang='lat' dir='ltr'>et</span> <span class='ocrx_word' id='word_1_165' title='bbox 377 2353 461 2428; x_wconf 90' lang='lat' dir='ltr'>parte</span> <span class='ocrx_word' id='word_1_166' title='bbox 484 2347 645 2410; x_wconf 89' lang='lat' dir='ltr'>acatholica</span> <span class='ocrx_word' id='word_1_167' title='bbox 669 2351 806 2410; x_wconf 88' lang='lat' dir='ltr'>inserere</span> <span class='ocrx_word' id='word_1_168' title='bbox 828 2351 957 2430; x_wconf 83' lang='lat' dir='ltr'>registro</span> <span class='ocrx_word' id='word_1_169' title='bbox 982 2349 1193 2408; x_wconf 92' lang='lat' dir='ltr'>matrimonio·</span> <span class='ocrx_word' id='word_1_170' title='bbox 1302 2357 1306 2364; x_wconf 86' lang='lat'>&#39;</span> 
     </span>
    </p>
   </div>
   <div class='ocr_carea' id='block_1_4' title="bbox 48 2447 1193 2832">
    <p class='ocr_par' dir='ltr' id='par_1_5' title="bbox 48 2447 1193 2832">
     <span class='ocr_line' id='line_1_22' title="bbox 48 2447 1193 2529; baseline 0.001 -20"><span class='ocrx_word' id='word_1_171' title='bbox 48 2467 115 2510; x_wconf 92' lang='lat' dir='ltr'>rum</span> <span class='ocrx_word' id='word_1_172' title='bbox 142 2449 312 2529; x_wconf 89' lang='lat' dir='ltr'>parochiali.</span> <span class='ocrx_word' id='word_1_173' title='bbox 358 2448 392 2526; x_wconf 90' lang='grc'>3)</span> <span class='ocrx_word' id='word_1_174' title='bbox 416 2451 516 2512; x_wconf 83' lang='lat' dir='ltr'>Tertia</span> <span class='ocrx_word' id='word_1_175' title='bbox 539 2450 690 2525; x_wconf 91' lang='lat' dir='ltr'>conditio,</span> <span class='ocrx_word' id='word_1_176' title='bbox 718 2455 750 2511; x_wconf 91' lang='lat' dir='ltr'>ut</span> <span class='ocrx_word' id='word_1_177' title='bbox 780 2451 837 2512; x_wconf 90' lang='lat' dir='ltr'>tale</span> <span class='ocrx_word' id='word_1_178' title='bbox 867 2452 1088 2511; x_wconf 89' lang='lat' dir='ltr'>matrimonium</span> <span class='ocrx_word' id='word_1_179' title='bbox 1112 2447 1193 2516; x_wconf 85' lang='lat' dir='ltr'>licite</span> 
     </span>
     <span class='ocr_line' id='line_1_23' title="bbox 51 2551 1193 2632; baseline 0.002 -21"><span class='ocrx_word' id='word_1_180' title='bbox 51 2556 191 2630; x_wconf 88' lang='lat' dir='ltr'>ineatur,</span> <span class='ocrx_word' id='word_1_181' title='bbox 221 2557 251 2613; x_wconf 92' lang='lat' dir='ltr'>in</span> <span class='ocrx_word' id='word_1_182' title='bbox 282 2552 338 2614; x_wconf 91' lang='lat' dir='ltr'>hoc</span> <span class='ocrx_word' id='word_1_183' title='bbox 367 2557 521 2630; x_wconf 87' lang='lat' dir='ltr'>consistit,</span> <span class='ocrx_word' id='word_1_184' title='bbox 554 2559 587 2613; x_wconf 89' lang='lat' dir='ltr'>ut</span> <span class='ocrx_word' id='word_1_185' title='bbox 610 2569 677 2632; x_wconf 88' lang='lat' dir='ltr'>pars</span> <span class='ocrx_word' id='word_1_186' title='bbox 707 2551 852 2614; x_wconf 89' lang='lat' dir='ltr'>catholica</span> <span class='ocrx_word' id='word_1_187' title='bbox 882 2555 960 2613; x_wconf 89' lang='lat' dir='ltr'>serio</span> <span class='ocrx_word' id='word_1_188' title='bbox 990 2556 1135 2632; x_wconf 91' lang='lat' dir='ltr'>proponat</span> <span class='ocrx_word' id='word_1_189' title='bbox 1158 2569 1193 2613; x_wconf 90' lang='lat' dir='ltr'>ao</span> 
     </span>
     <span class='ocr_line' id='line_1_24' title="bbox 50 2641 1193 2736; baseline 0.003 -22"><span class='ocrx_word' id='word_1_190' title='bbox 50 2659 223 2736; x_wconf 87' lang='lat' dir='ltr'>promittat,</span> <span class='ocrx_word' id='word_1_191' title='bbox 247 2641 414 2718; x_wconf 87' lang='lat' dir='ltr'>curaturam</span> <span class='ocrx_word' id='word_1_192' title='bbox 438 2673 471 2716; x_wconf 94' lang='lat' dir='ltr'>se</span> <span class='ocrx_word' id='word_1_193' title='bbox 494 2673 547 2736; x_wconf 89' lang='lat' dir='ltr'>pro</span> <span class='ocrx_word' id='word_1_194' title='bbox 565 2655 678 2717; x_wconf 90' lang='lat' dir='ltr'>viribus</span> <span class='ocrx_word' id='word_1_195' title='bbox 701 2653 882 2730; x_wconf 77' lang='lat' dir='ltr'>acatholicae</span> <span class='ocrx_word' id='word_1_196' title='bbox 901 2658 992 2735; x_wconf 92' lang='lat' dir='ltr'>partis</span> <span class='ocrx_word' id='word_1_197' title='bbox 1013 2657 1193 2717; x_wconf 90' lang='lat' dir='ltr'>conversio-</span> 
     </span>
     <span class='ocr_line' id='line_1_25' title="bbox 51 2751 1193 2832; baseline 0 -14"><span class='ocrx_word' id='word_1_198' title='bbox 51 2753 171 2832; x_wconf 80' lang='lat' dir='ltr'>nem.²J</span> <span class='ocrx_word' id='word_1_199' title='bbox 214 2751 415 2822; x_wconf 87' lang='lat' dir='ltr'>Veruntamen</span> <span class='ocrx_word' id='word_1_200' title='bbox 442 2757 516 2820; x_wconf 91' lang='lat' dir='ltr'>haec</span> <span class='ocrx_word' id='word_1_201' title='bbox 540 2761 626 2819; x_wconf 91' lang='lat' dir='ltr'>tertia</span> <span class='ocrx_word' id='word_1_202' title='bbox 656 2757 787 2822; x_wconf 90' lang='lat' dir='ltr'>conditio</span> <span class='ocrx_word' id='word_1_203' title='bbox 811 2776 870 2820; x_wconf 91' lang='lat' dir='ltr'>non</span> <span class='ocrx_word' id='word_1_204' title='bbox 895 2776 962 2822; x_wconf 90' lang='lat' dir='ltr'>esse</span> <span class='ocrx_word' id='word_1_205' title='bbox 986 2757 1104 2820; x_wconf 91' lang='lat' dir='ltr'>videtur</span> <span class='ocrx_word' id='word_1_206' title='bbox 1132 2762 1193 2820; x_wconf 89' lang='lat' dir='ltr'>tam</span> 
     </span>
    </p>
   </div>
   <div class='ocr_carea' id='block_1_5' title="bbox 53 2913 265 2926">
    <p class='ocr_par' dir='ltr' id='par_1_6' title="bbox 53 2913 265 2926">
     <span class='ocr_line' id='line_1_26' title="bbox 53 2913 265 2926; baseline -0.009 -2"><span class='ocrx_word' id='word_1_207' title='bbox 53 2913 265 2926; x_wconf 58' lang='lat' dir='ltr'>m</span> 
     </span>
    </p>
   </div>
   <div class='ocr_carea' id='block_1_6' title="bbox 78 2995 1195 3492">
    <p class='ocr_par' dir='ltr' id='par_1_7' title="bbox 79 2995 808 3065">
     <span class='ocr_line' id='line_1_27' title="bbox 79 2995 808 3065; baseline 0 -17"><span class='ocrx_word' id='word_1_208' title='bbox 79 2997 102 3065; x_wconf 75' lang='grc'>1)</span> <span class='ocrx_word' id='word_1_209' title='bbox 122 2995 258 3048; x_wconf 86' lang='lat' dir='ltr'>Benedict.</span> <span class='ocrx_word' id='word_1_210' title='bbox 277 2995 342 3050; x_wconf 88' lang='lat' dir='ltr'>XlV.</span> <span class='ocrx_word' id='word_1_211' title='bbox 362 2997 450 3063; x_wconf 82' lang='lat' dir='ltr'>synod.</span> <span class='ocrx_word' id='word_1_212' title='bbox 469 2996 574 3048; x_wconf 88' lang='lat' dir='ltr'>dioeces.</span> <span class='ocrx_word' id='word_1_213' title='bbox 595 2995 638 3047; x_wconf 91' lang='lat' dir='ltr'>lib.</span> <span class='ocrx_word' id='word_1_214' title='bbox 658 2997 681 3048; x_wconf 87' lang='grc'>6.</span> <span class='ocrx_word' id='word_1_215' title='bbox 700 3011 722 3046; x_wconf 92' lang='lat' dir='ltr'>c.</span> <span class='ocrx_word' id='word_1_216' title='bbox 742 2999 765 3048; x_wconf 88' lang='grc'>5.</span> <span class='ocrx_word' id='word_1_217' title='bbox 783 2996 808 3048; x_wconf 79' lang='lat' dir='ltr'>l.</span> 
     </span>
    </p>

    <p class='ocr_par' dir='ltr' id='par_1_8' title="bbox 78 3079 1195 3492">
     <span class='ocr_line' id='line_1_28' title="bbox 78 3079 1195 3150; baseline 0.003 -17"><span class='ocrx_word' id='word_1_218' title='bbox 78 3085 104 3150; x_wconf 83' lang='lat'>²)</span> <span class='ocrx_word' id='word_1_219' title='bbox 125 3083 322 3147; x_wconf 85' lang='lat' dir='ltr'>„Sanctissimae</span> <span class='ocrx_word' id='word_1_220' title='bbox 346 3081 467 3133; x_wconf 85' lang='lat' dir='ltr'>Dominus</span> <span class='ocrx_word' id='word_1_221' title='bbox 496 3090 582 3133; x_wconf 89' lang='lat' dir='ltr'>noster</span> <span class='ocrx_word' id='word_1_222' title='bbox 604 3079 683 3148; x_wconf 90' lang='lat' dir='ltr'>probe</span> <span class='ocrx_word' id='word_1_223' title='bbox 706 3084 792 3144; x_wconf 83' lang='lat' dir='ltr'>uouit,</span> <span class='ocrx_word' id='word_1_224' title='bbox 820 3081 868 3133; x_wconf 86' lang='lat' dir='ltr'>sibi</span> <span class='ocrx_word' id='word_1_225' title='bbox 892 3081 961 3132; x_wconf 90' lang='lat' dir='ltr'>nullo</span> <span class='ocrx_word' id='word_1_226' title='bbox 983 3081 1058 3134; x_wconf 90' lang='lat' dir='ltr'>modo</span> <span class='ocrx_word' id='word_1_227' title='bbox 1082 3083 1158 3135; x_wconf 89' lang='lat' dir='ltr'>licere</span> <span class='ocrx_word' id='word_1_228' title='bbox 1181 3099 1195 3135; x_wconf 83' lang='lat' dir='ltr'>a</span> 
     </span>
     <span class='ocr_line' id='line_1_29' title="bbox 126 3167 1194 3239; baseline 0.001 -20"><span class='ocrx_word' id='word_1_229' title='bbox 126 3169 253 3219; x_wconf 84' lang='lat' dir='ltr'>constanti</span> <span class='ocrx_word' id='word_1_230' title='bbox 272 3183 302 3219; x_wconf 88' lang='lat' dir='ltr'>eo</span> <span class='ocrx_word' id='word_1_231' title='bbox 321 3169 404 3218; x_wconf 86' lang='lat' dir='ltr'>stadio</span> <span class='ocrx_word' id='word_1_232' title='bbox 422 3168 560 3227; x_wconf 87' lang='lat' dir='ltr'>declinare,</span> <span class='ocrx_word' id='word_1_233' title='bbox 581 3183 631 3235; x_wconf 86' lang='lat' dir='ltr'>quo</span> <span class='ocrx_word' id='word_1_234' title='bbox 649 3171 703 3235; x_wconf 91' lang='lat' dir='ltr'>ipsa</span> <span class='ocrx_word' id='word_1_235' title='bbox 721 3167 798 3220; x_wconf 87' lang='lat' dir='ltr'>Sedes</span> <span class='ocrx_word' id='word_1_236' title='bbox 816 3167 960 3236; x_wconf 80' lang='lat' dir='ltr'>Apostolica</span> <span class='ocrx_word' id='word_1_237' title='bbox 978 3185 1078 3238; x_wconf 90' lang='lat' dir='ltr'>semper</span> <span class='ocrx_word' id='word_1_238' title='bbox 1095 3169 1194 3239; x_wconf 83' lang='lat' dir='ltr'>advigi-</span> 
     </span>
     <span class='ocr_line' id='line_1_30' title="bbox 123 3253 1193 3324; baseline 0.003 -20"><span class='ocrx_word' id='word_1_239' title='bbox 123 3253 197 3314; x_wconf 85' lang='lat' dir='ltr'>lavit,</span> <span class='ocrx_word' id='word_1_240' title='bbox 215 3261 244 3303; x_wconf 91' lang='lat' dir='ltr'>ut</span> <span class='ocrx_word' id='word_1_241' title='bbox 261 3255 324 3304; x_wconf 88' lang='lat' dir='ltr'>sacri</span> <span class='ocrx_word' id='word_1_242' title='bbox 342 3269 467 3317; x_wconf 86' lang='lat' dir='ltr'>canones,</span> <span class='ocrx_word' id='word_1_243' title='bbox 489 3256 531 3322; x_wconf 90' lang='lat' dir='ltr'>qui</span> <span class='ocrx_word' id='word_1_244' title='bbox 550 3253 730 3305; x_wconf 88' lang='lat' dir='ltr'>catholicorum</span> <span class='ocrx_word' id='word_1_245' title='bbox 749 3271 805 3306; x_wconf 90' lang='lat' dir='ltr'>cum</span> <span class='ocrx_word' id='word_1_246' title='bbox 825 3255 970 3306; x_wconf 87' lang='lat' dir='ltr'>acatholicis</span> <span class='ocrx_word' id='word_1_247' title='bbox 988 3257 1088 3324; x_wconf 90' lang='lat' dir='ltr'>nuptias</span> <span class='ocrx_word' id='word_1_248' title='bbox 1106 3257 1193 3321; x_wconf 79' lang='lat' dir='ltr'>defor-</span> 
     </span>
     <span class='ocr_line' id='line_1_31' title="bbox 124 3339 1193 3409; baseline 0.003 -19"><span class='ocrx_word' id='word_1_249' title='bbox 124 3343 228 3390; x_wconf 78' lang='lat' dir='ltr'>mitatis</span> <span class='ocrx_word' id='word_1_250' title='bbox 247 3347 272 3389; x_wconf 86' lang='lat' dir='ltr'>et</span> <span class='ocrx_word' id='word_1_251' title='bbox 287 3340 401 3407; x_wconf 82' lang='lat' dir='ltr'>periculi</span> <span class='ocrx_word' id='word_1_252' title='bbox 415 3339 506 3407; x_wconf 80' lang='lat' dir='ltr'>plenas</span> <span class='ocrx_word' id='word_1_253' title='bbox 525 3340 682 3391; x_wconf 87' lang='lat' dir='ltr'>severissime</span> <span class='ocrx_word' id='word_1_254' title='bbox 701 3341 842 3408; x_wconf 91' lang='lat' dir='ltr'>prohibent,</span> <span class='ocrx_word' id='word_1_255' title='bbox 860 3340 980 3409; x_wconf 80' lang='lat' dir='ltr'>religiose</span> <span class='ocrx_word' id='word_1_256' title='bbox 998 3341 1193 3393; x_wconf 87' lang='lat' dir='ltr'>custodirentur.</span> 
     </span>
     <span class='ocr_line' id='line_1_32' title="bbox 123 3423 1193 3492; baseline 0 -16"><span class='ocrx_word' id='word_1_257' title='bbox 123 3425 203 3476; x_wconf 87' lang='lat' dir='ltr'>lilulto</span> <span class='ocrx_word' id='word_1_258' title='bbox 221 3429 303 3476; x_wconf 88' lang='lat' dir='ltr'>minas</span> <span class='ocrx_word' id='word_1_259' title='bbox 320 3423 412 3492; x_wconf 89' lang='lat' dir='ltr'>aliquid</span> <span class='ocrx_word' id='word_1_260' title='bbox 426 3424 558 3476; x_wconf 90' lang='lat' dir='ltr'>detrahere</span> <span class='ocrx_word' id='word_1_261' title='bbox 574 3441 601 3476; x_wconf 88' lang='lat' dir='ltr'>se</span> <span class='ocrx_word' id='word_1_262' title='bbox 618 3441 692 3492; x_wconf 87' lang='lat' dir='ltr'>posse</span> <span class='ocrx_word' id='word_1_263' title='bbox 708 3427 882 3478; x_wconf 88' lang='lat' dir='ltr'>animadvertit</span> <span class='ocrx_word' id='word_1_264' title='bbox 895 3429 1052 3478; x_wconf 84' lang='lat' dir='ltr'>sanctissimo</span> <span class='ocrx_word' id='word_1_265' title='bbox 1069 3427 1106 3477; x_wconf 88' lang='lat' dir='ltr'>illi</span> <span class='ocrx_word' id='word_1_266' title='bbox 1121 3425 1193 3478; x_wconf 88' lang='lat' dir='ltr'>Sedis</span> 
     </span>
    </p>
   </div>
   <div class='ocr_carea' id='block_1_7' title="bbox 124 3509 1272 3579">
    <p class='ocr_par' dir='ltr' id='par_1_9' title="bbox 124 3509 1272 3579">
     <span class='ocr_line' id='line_1_33' title="bbox 124 3509 1272 3579; baseline 0.001 -17"><span class='ocrx_word' id='word_1_267' title='bbox 124 3511 239 3576; x_wconf 87' lang='lat' dir='ltr'>ejusdem</span> <span class='ocrx_word' id='word_1_268' title='bbox 259 3513 378 3573; x_wconf 87' lang='lat' dir='ltr'>instituto,</span> <span class='ocrx_word' id='word_1_269' title='bbox 397 3525 443 3577; x_wconf 90' lang='lat' dir='ltr'>per</span> <span class='ocrx_word' id='word_1_270' title='bbox 461 3511 528 3579; x_wconf 88' lang='lat' dir='ltr'>quod</span> <span class='ocrx_word' id='word_1_271' title='bbox 541 3511 646 3562; x_wconf 84' lang='lat' dir='ltr'>liomani</span> <span class='ocrx_word' id='word_1_272' title='bbox 661 3511 803 3577; x_wconf 86' lang='lat' dir='ltr'>Pontifices,</span> <span class='ocrx_word' id='word_1_273' title='bbox 823 3529 879 3564; x_wconf 91' lang='lat' dir='ltr'>cum</span> <span class='ocrx_word' id='word_1_274' title='bbox 898 3513 1032 3575; x_wconf 83' lang='lat' dir='ltr'>interdum,</span> <span class='ocrx_word' id='word_1_275' title='bbox 1051 3519 1076 3563; x_wconf 89' lang='lat' dir='ltr'>et</span> <span class='ocrx_word' id='word_1_276' title='bbox 1094 3515 1194 3563; x_wconf 88' lang='lat' dir='ltr'>nonnisi</span> <span class='ocrx_word' id='word_1_277' title='bbox 1268 3509 1272 3515; x_wconf 84' lang='grc'><strong>’</strong></span> 
     </span>
    </p>
   </div>
   <div class='ocr_carea' id='block_1_8' title="bbox 121 3597 1193 3926">
    <p class='ocr_par' dir='ltr' id='par_1_10' title="bbox 121 3597 1193 3926">
     <span class='ocr_line' id='line_1_34' title="bbox 125 3597 1193 3666; baseline 0.001 -18"><span class='ocrx_word' id='word_1_278' title='bbox 125 3615 203 3665; x_wconf 70' lang='lat' dir='ltr'>seqre</span> <span class='ocrx_word' id='word_1_279' title='bbox 220 3597 393 3666; x_wconf 74' lang='lat' dir='ltr'>providusque</span> <span class='ocrx_word' id='word_1_280' title='bbox 411 3599 441 3648; x_wconf 85' lang='lat' dir='ltr'>dc</span> <span class='ocrx_word' id='word_1_281' title='bbox 459 3600 547 3650; x_wconf 69' lang='lat' dir='ltr'>causis</span> <span class='ocrx_word' id='word_1_282' title='bbox 561 3600 719 3650; x_wconf 86' lang='lat' dir='ltr'>matrimonia</span> <span class='ocrx_word' id='word_1_283' title='bbox 738 3597 858 3664; x_wconf 89' lang='lat' dir='ltr'>ejusmodi</span> <span class='ocrx_word' id='word_1_284' title='bbox 871 3599 1052 3666; x_wconf 89' lang='lat' dir='ltr'>permitterent,</span> <span class='ocrx_word' id='word_1_285' title='bbox 1071 3599 1121 3648; x_wconf 88' lang='lat' dir='ltr'>suis</span> <span class='ocrx_word' id='word_1_286' title='bbox 1139 3598 1193 3649; x_wconf 89' lang='lat' dir='ltr'>dis-</span> 
     </span>
     <span class='ocr_line' id='line_1_35' title="bbox 121 3683 1192 3756; baseline 0 -22"><span class='ocrx_word' id='word_1_287' title='bbox 121 3683 314 3756; x_wconf 84' lang='lat' dir='ltr'>pensationibus</span> <span class='ocrx_word' id='word_1_288' title='bbox 338 3683 431 3735; x_wconf 87' lang='lat' dir='ltr'>addere</span> <span class='ocrx_word' id='word_1_289' title='bbox 457 3691 643 3735; x_wconf 85' lang='lat' dir='ltr'>consueverunt</span> <span class='ocrx_word' id='word_1_290' title='bbox 666 3699 810 3752; x_wconf 86' lang='lat' dir='ltr'>expressam</span> <span class='ocrx_word' id='word_1_291' title='bbox 835 3683 1002 3737; x_wconf 88' lang='lat' dir='ltr'>conditionem</span> <span class='ocrx_word' id='word_1_292' title='bbox 1022 3683 1053 3734; x_wconf 89' lang='lat' dir='ltr'>de</span> <span class='ocrx_word' id='word_1_293' title='bbox 1071 3685 1192 3751; x_wconf 89' lang='lat' dir='ltr'>praemit-</span> 
     </span>
     <span class='ocr_line' id='line_1_36' title="bbox 123 3768 1193 3837; baseline 0.001 -16"><span class='ocrx_word' id='word_1_294' title='bbox 123 3770 207 3821; x_wconf 86' lang='lat' dir='ltr'>tendis</span> <span class='ocrx_word' id='word_1_295' title='bbox 225 3771 374 3837; x_wconf 87' lang='lat' dir='ltr'>opportunis</span> <span class='ocrx_word' id='word_1_296' title='bbox 392 3769 558 3831; x_wconf 87' lang='lat' dir='ltr'>cautionibus,</span> <span class='ocrx_word' id='word_1_297' title='bbox 576 3785 626 3820; x_wconf 88' lang='lat' dir='ltr'>nou</span> <span class='ocrx_word' id='word_1_298' title='bbox 644 3769 719 3820; x_wconf 93' lang='lat' dir='ltr'>modo</span> <span class='ocrx_word' id='word_1_299' title='bbox 737 3778 764 3821; x_wconf 89' lang='lat' dir='ltr'>at</span> <span class='ocrx_word' id='word_1_300' title='bbox 778 3770 870 3836; x_wconf 85' lang='lat' dir='ltr'>conjux</span> <span class='ocrx_word' id='word_1_301' title='bbox 888 3769 1024 3822; x_wconf 89' lang='lat' dir='ltr'>catholicus</span> <span class='ocrx_word' id='word_1_302' title='bbox 1043 3768 1075 3820; x_wconf 88' lang='lat' dir='ltr'>ab</span> <span class='ocrx_word' id='word_1_303' title='bbox 1089 3769 1193 3822; x_wconf 89' lang='lat' dir='ltr'>acatho-</span> 
     </span>
     <span class='ocr_line' id='line_1_37' title="bbox 123 3855 1188 3926; baseline -0.002 -19"><span class='ocrx_word' id='word_1_304' title='bbox 123 3857 172 3908; x_wconf 90' lang='lat' dir='ltr'>lico</span> <span class='ocrx_word' id='word_1_305' title='bbox 191 3859 300 3924; x_wconf 88' lang='lat' dir='ltr'>perverti</span> <span class='ocrx_word' id='word_1_306' title='bbox 325 3873 376 3908; x_wconf 88' lang='lat' dir='ltr'>aon</span> <span class='ocrx_word' id='word_1_307' title='bbox 394 3863 492 3924; x_wconf 84' lang='lat' dir='ltr'>posset,</span> <span class='ocrx_word' id='word_1_308' title='bbox 515 3857 576 3926; x_wconf 78' lang='lat' dir='ltr'>quin</span> <span class='ocrx_word' id='word_1_309' title='bbox 592 3861 679 3924; x_wconf 78' lang='lat' dir='ltr'>potius</span> <span class='ocrx_word' id='word_1_310' title='bbox 696 3855 740 3908; x_wconf 81' lang='lat' dir='ltr'>ille</span> <span class='ocrx_word' id='word_1_311' title='bbox 760 3859 843 3906; x_wconf 80' lang='lat' dir='ltr'>teneri</span> <span class='ocrx_word' id='word_1_312' title='bbox 864 3874 891 3907; x_wconf 87' lang='lat' dir='ltr'>se</span> <span class='ocrx_word' id='word_1_313' title='bbox 909 3859 988 3907; x_wconf 79' lang='lat' dir='ltr'>sciret</span> <span class='ocrx_word' id='word_1_314' title='bbox 1006 3856 1040 3906; x_wconf 86' lang='lat' dir='ltr'>od</span> <span class='ocrx_word' id='word_1_315' title='bbox 1057 3855 1125 3906; x_wconf 83' lang='lat' dir='ltr'>huuc</span> <span class='ocrx_word' id='word_1_316' title='bbox 1141 3873 1188 3923; x_wconf 85' lang='lat' dir='ltr'>pro</span> 
     </span>
    </p>
   </div>
   <div class='ocr_carea' id='block_1_9' title="bbox 124 3940 1299 4012">
    <p class='ocr_par' dir='ltr' id='par_1_11' title="bbox 124 3940 1299 4012">
     <span class='ocr_line' id='line_1_38' title="bbox 124 3940 1299 4012; baseline -0.003 -18"><span class='ocrx_word' id='word_1_317' title='bbox 124 3943 224 3995; x_wconf 77' lang='lat' dir='ltr'>viridas</span> <span class='ocrx_word' id='word_1_318' title='bbox 246 3942 445 4006; x_wconf 82' lang='lat' dir='ltr'>retrahendam,</span> <span class='ocrx_word' id='word_1_319' title='bbox 469 3941 513 3994; x_wconf 92' lang='lat' dir='ltr'>sed</span> <span class='ocrx_word' id='word_1_320' title='bbox 536 3943 610 3993; x_wconf 88' lang='lat' dir='ltr'>etiam</span> <span class='ocrx_word' id='word_1_321' title='bbox 630 3949 657 3992; x_wconf 92' lang='lat' dir='ltr'>ut</span> <span class='ocrx_word' id='word_1_322' title='bbox 674 3940 756 4010; x_wconf 82' lang='lat' dir='ltr'>proles</span> <span class='ocrx_word' id='word_1_323' title='bbox 778 3944 909 4012; x_wconf 86' lang='lat' dir='ltr'>utriusque</span> <span class='ocrx_word' id='word_1_324' title='bbox 932 3957 1006 3994; x_wconf 83' lang='lat' dir='ltr'>sexus</span> <span class='ocrx_word' id='word_1_325' title='bbox 1025 3953 1055 3992; x_wconf 84' lang='lat' dir='ltr'>ex</span> <span class='ocrx_word' id='word_1_326' title='bbox 1073 3955 1103 3992; x_wconf 91' lang='lat' dir='ltr'>eo</span> <span class='ocrx_word' id='word_1_327' title='bbox 1129 3956 1193 3992; x_wconf 90' lang='lat' dir='ltr'>con·</span> <span class='ocrx_word' id='word_1_328' title='bbox 1292 3949 1299 3990; x_wconf 88' lang='grc'>.·</span> 
     </span>
    </p>
   </div>
   <div class='ocr_carea' id='block_1_10' title="bbox 121 4025 1193 4099">
    <p class='ocr_par' dir='ltr' id='par_1_12' title="bbox 121 4025 1193 4099">
     <span class='ocr_line' id='line_1_39' title="bbox 121 4025 1193 4099; baseline 0.003 -19"><span class='ocrx_word' id='word_1_329' title='bbox 121 4029 193 4098; x_wconf 69' lang='lat' dir='ltr'>jugie</span> <span class='ocrx_word' id='word_1_330' title='bbox 215 4027 373 4096; x_wconf 87' lang='lat' dir='ltr'>procreanda</span> <span class='ocrx_word' id='word_1_331' title='bbox 392 4029 417 4082; x_wconf 90' lang='lat' dir='ltr'>iu</span> <span class='ocrx_word' id='word_1_332' title='bbox 441 4028 580 4081; x_wconf 88' lang='lat' dir='ltr'>catholicae</span> <span class='ocrx_word' id='word_1_333' title='bbox 602 4028 729 4099; x_wconf 79' lang='lat' dir='ltr'>roligionis</span> <span class='ocrx_word' id='word_1_334' title='bbox 753 4030 885 4080; x_wconf 87' lang='lat' dir='ltr'>sanctitate·</span> <span class='ocrx_word' id='word_1_335' title='bbox 908 4029 1010 4084; x_wconf 85' lang='lat' dir='ltr'>omnino</span> <span class='ocrx_word' id='word_1_336' title='bbox 1033 4025 1193 4090; x_wconf 78' lang='lat' dir='ltr'>educaretur,</span> 
     </span>
    </p>
   </div>
   <div class='ocr_carea' id='block_1_11' title="bbox 0 0 1378 4646">
    <p class='ocr_par' dir='ltr' id='par_1_13' title="bbox 0 0 1378 4646">
     <span class='ocr_line' id='line_1_40' title="bbox 0 0 1378 4646; baseline 0 0"><span class='ocrx_word' id='word_1_337' title='bbox 0 0 1378 4646; x_wconf 95' lang='lat' dir='ltr'> </span> 
     </span>
    </p>
   </div>
  </div>
 </body>
</html>
