2758 4664
139 191 202 264 20⁴
500 213 538 268 lla
558 214 650 273 Gausis
666 211 901 274 matrimonialibus.
1375 181 1377 336 4

57 446 59 459 ,
166 375 201 452 2)
223 380 312 438 etiam
334 376 451 441 facilius
473 379 661 461 dispensatur
672 397 738 442 cum
761 377 956 461 principibus,
974 375 1121 442 nobilibus
1144 379 1278 462 opulen-

223 483 272 559 tis,
294 498 382 560 quam
398 500 466 544 curn
487 483 612 564 plebejis
630 491 660 548 et
676 483 854 566 pauperibus
870 480 971 562 idque,
991 481 1105 563 absque
1120 482 1182 544 ulla
1201 501 1279 564 per-
1376 551 1377 570 χ

167 656 168 660 ¹
222 601 360 646 sonarum
372 589 545 666 acceptione
556 591 667 669 iniqua,
684 588 721 650 ob
735 589 917 668 justissimas
933 581 1105 664 rationes,¹)
1118 585 1277 648 videlicet:

221 689 256 762 a)
285 690 354 768 quia
376 685 557 770 dispensatio
586 693 616 752 in
641 689 787 774 ejusmodi
811 689 929 752 casibus
957 689 1134 770 plerumque
1158 689 1277 750 directe

284 789 431 854 redundat
453 795 484 856 in
507 792 616 856 bonum
640 794 746 856 melius
768 795 1002 866 communitatis;

221 892 257 970 b)
286 898 356 976 quia
380 895 446 957 talis
468 893 649 980 dispensatio
679 899 776 960 minus
800 901 845 958 est
866 896 1010 977 injuriosa
1038 895 1138 980 legum
1162 911 1277 968 nervo;

237 1072 239 1076 ¹
288 1000 399 1059 etenim
430 1017 465 1060 ea
494 1003 592 1062 minus
623 997 765 1082 frequens
795 1005 854 1078 est,
892 1016 948 1060 nee
978 996 1103 1080 proinde
1132 1000 1277 1078 aperiens

289 1103 449 1184 unicuique
470 1099 582 1164 aditum
606 1101 642 1164 ad
665 1102 882 1164 relaxationem
905 1101 992 1184 legis,
1016 1104 1078 1161 tum
1101 1117 1212 1182 perse
1236 1091 1290 1160 en⁴

287 1207 391 1267 natura
414 1208 468 1283 rei,
492 1211 555 1266 tum
579 1210 776 1268 communiter
797 1223 851 1288 per
870 1209 977 1283 tanam,
1003 1221 1079 1284 quae
1097 1204 1180 1283 Juste
1203 1201 1275 1280 illis,

286 1325 346 1369 non
373 1313 472 1369 autem
504 1307 683 1390 pauperibus
710 1313 823 1390 imponi
852 1311 967 1390 potest,
1000 1325 1059 1368 non
1089 1311 1204 1368 tanturn
1237 1303 1276 1368 ad

285 1411 508 1474 resarciendum
523 1411 621 1494 aliqua
641 1417 757 1476 ratione
771 1411 890 1490 vulnus,
914 1409 994 1492 qnod
1015 1403 1054 1471 en
1068 1409 1277 1494 dispensatio-

285 1531 355 1574 num
371 1513 630 1576 matrimonialium
648 1518 845 1578 concessione
861 1511 1035 1594 disciplinae
1050 1512 1277 1576 ecclesiasticae

287 1615 447 1702 infligitur,
473 1616 525 1680 sed
549 1621 638 1679 etiam
661 1617 698 1679 ad
713 1620 917 1695 matrimonia,
941 1615 1049 1696 quibus
1072 1613 1191 1678 obstant
1213 1621 1277 1680 im-

286 1717 470 1802 pedimenta,
495 1724 610 1783 rariora
632 1740 667 1784 ac
690 1719 858 1784 difliciliora
881 1719 1033 1782 reddenda
1041 1715 1091 1796 3²)

141 1854 348 1867 -—-——

124 1979 128 1988 ¹
163 1921 185 1988 ¹)
204 1921 381 1986 „attendenda
400 1933 437 1976 est
448 1925 554 1995 qualitas
566 1943 741 1993 personarum,
760 1943 824 1995 quae
836 1942 921 1978 secum
935 1927 1075 1994 dispensari
1095 1933 1197 1994 petunt3
1215 1941 1276 1976 nant

207 2006 314 2060 caeteris
332 2009 435 2076 paribus
453 2012 551 2063 facilius
569 2013 728 2080 dispensatus
751 2029 808 2063 eunt
827 2011 978 2081 Regalibus,
1003 2011 1138 2063 Dusatbus
1157 2019 1183 2062 et
1201 2011 1278 2062 Prin·

205 2095 311 2163 cipibus,
330 2113 405 2165 qnam
423 2113 479 2148 cum
499 2097 645 2162 Nobilibus,
671 2099 769 2150 facilius
787 2097 913 2162 eum-bis,
938 2117 1012 2168 qnam
1032 2117 1089 2150 cum
1107 2098 1229 2150 diuitibus
1249 2115 1279 2150 ac

204 2183 283 2250 magis
302 2181 427 2247 leumiim
445 2184 543 2236 lucilius
561 2201 618 2236 cnm
637 2185 685 2246 his,
703 2201 778 2253 quarn
798 2201 855 2236 curn
873 2185 1006 2252 plebr·jis.“
1025 2184 1166 2254 Sclnmaqu.
1186 2187 1222 2234 tit.
1238 2185 1279 2236 ts.

203 2285 229 2320 sn.
244 2269 301 2320 1³³.
327 2269 352 2320 S.
370 2270 469 2334 ibam:
490 2270 638 2338 „Contingit
655 2273 721 2322 enim
741 2271 901 2340 quandoque,
919 2271 987 2340 quod
1007 2273 1058 2334 ille,
1076 2274 1117 2340 qui
1137 2278 1175 2320 est
1195 2271 1279 2320 minus

204 2363 306 2409 sanetus
331 2364 354 2406 et
377 2358 459 2406 minus
482 2358 581 2416 sciens,
610 2364 692 2424 potest
717 2358 795 2424 inagis
821 2352 993 2408 conferre‘ad
1018 2358 1112 2408 bonurn
1140 2371 1279 2407 commune

203 2449 306 2508 propter
323 2443 458 2508 potentiam
474 2442 515 2492 vel
532 2441 677 2492 industriam
698 2441 863 2506 saecularenr;
882 2451 907 2492 et
925 2447 982 2512 quia
1000 2443 1201 2510 dispensationes
1219 2446 1278 2510 spi·

201 2527 328 2580 ritualium
343 2527 506 2594 principalius
522 2527 671 2580 ordinantur
690 2527 721 2578 ad
742 2527 872 2579 utilitatem
894 2529 1063 2592 communem,
1082 2528 1138 2580 ideo
1155 2527 1279 2599 qnando-

202 2629 252 2682 que
270 2614 366 2683 absque
384 2617 528 2681 acceptione
547 2630 712 2681 personarum
731 2617 756 2665 in
769 2614 958 2680 dispensatione
978 2617 1143 2683 spiritualium
1163 2617 1212 2678 illi,
1232 2619 1278 2684 qni

106 2729 109 2752 ι
155 2729 159 2738 .
203 2709 261 2752 sust
278 2699 424 2768 simpliciter
442 2703 526 2752 minsas
544 2700 617 2761 boni,
635 2700 779 2754 melioribus
798 2701 1000 2766 praeferamus
1027 2706 1051 2753 2.
1069 2704 1092 2754 2.
1110 2710 1210 2771 quaest.
1230 2703 1272 2754 63.

203 2793 249 2838 art.
272 2789 295 2838 2.
331 2786 401 2838 lianc
419 2787 601 2842 distinctionem
627 2789 700 2838 etiam
724 2786 830 2837 admittit
853 2785 931 2843 Cone.
953 2787 1019 2841 Trid.
1044 2791 1086 2840 24.
1110 2805 1170 2840 sess.
1198 2805 1220 2840 c.
1247 2792 1278 2841 5:

204 2872 250 2935 „ln
274 2873 387 2924 secundo
410 2874 489 2942 gradu
512 2891 640 2944 nunquam
659 2873 832 2941 dispensetur,
858 2876 906 2926 nisi
930 2878 998 2927 inter
1015 2891 1121 2940 mapnos
1144 2878 1279 2942 principes

205 2965 230 3007 ct
248 2957 279 3008 ob
300 2957 429 3025 publicam
448 2965 581 3012 causam.“
1065 2953 1069 2960 Χ

163 3043 185 3112 ¹)
204 3043 262 3094 Pius
282 3045 333 3096 Vll.
352 3048 378 3096 in
396 3044 471 3098 Brevi
491 3048 531 3098 28.
549 3045 624 3098 Febr.
645 3045 719 3096 1809.
738 3073 771 3082 —-
801 3042 928 3096 Corradus
947 3047 972 3095 in
991 3045 1064 3096 Praxi
1083 3046 1195 3112 dispens.
1215 3047 1280 3098 haec

196 3130 279 3182 =habct
296 3129 328 3181 de
347 3131 394 3182 illis
413 3135 486 3184 taxis:
515 3132 586 3194 „Nec
605 3131 636 3181 de
655 3133 701 3182 ista
725 3134 870 3198 receptione
889 3140 914 3182 et
938 3131 1063 3182 solutione
1087 3135 1280 3198 corrrpositionis

200 3216 342 3268 mirandum
361 3227 411 3270 est:
437 3219 495 3270 huic
512 3222 580 3270 enim
599 3217 758 3268 admirationi
777 3217 866 3268 satisfit
890 3217 1012 3280 dicendo,
1036 3235 1111 3287 qnam
1129 3217 1199 3268 multi
1219 3219 1274 3268 dis-

203 3305 364 3370 pensationes
382 3303 527 3368 hujusmodi
547 3307 719 3371 impetrarent,
737 3305 757 3353 si
775 3308 861 3369 pratis
879 3304 1096 3366 concederentur,
1123 3311 1149 3354 et
1167 3304 1283 3374 alioquin

203 3405 303 3456 semper
321 3389 469 3440 infestarent
487 3407 561 3442 aures
581 3389 723 3452 Pontificis,
742 3399 856 3457 petentes
875 3405 960 3441 seeum
979 3389 1134 3456 dispensari,
1160 3388 1283 3441 daretur-

204 3491 253 3544 qne
270 3477 375 3527 materia
394 3475 570 3545 delinquendi;
594 3491 676 3544 neque
693 3476 795 3526 obstant
817 3474 947 3527 decretum
967 3475 1044 3528 Cone.
1063 3474 1127 3526 Trid.
1156 3491 1219 3526 sess.
1241 3480 1284 3530 22.

204 3575 225 3612 c.
245 3564 269 3612 b.
288 3569 313 3613 et
330 3561 360 3612 tt.
380 3561 408 3613 l).
426 3565 568 3630 opiniones,
585 3561 742 3622 volentium,
761 3561 803 3614 ubi
824 3577 899 3613 causa
916 3561 983 3626 justa
1002 3559 1164 3628 dispensandi
1184 3562 1284 3627 subest,

204 3647 298 3701 dobere
317 3644 459 3714 dispensari
477 3652 578 3714 qratis3
601 3663 660 3698 nam
679 3649 704 3698 id
723 3649 805 3700 locum
830 3657 925 3699 tanturm
944 3647 1019 3698 lrabet
1042 3651 1066 3698 in
1085 3653 1284 3717 compositioni-

145 3731 149 3743 ’
203 3733 261 3796 ltus,
279 3749 330 3784 non
349 3743 433 3785 autem
453 3737 479 3784 ln
498 3733 554 3786 aliis
569 3733 684 3800 jussibus3
703 3743 727 3786 et
745 3749 821 3802 super
839 3734 888 3785 hoc
906 3733 928 3786 S,
946 3732 974 3785 G.
991 3733 1019 3785 O.
1029 3734 1056 3784 T.
1074 3736 1109 3784 ita
1127 3735 1281 3789 declaravit:

206 3820 359 3882 „Decretum
380 3818 484 3872 Ocncilii
502 3821 578 3884 frid,
596 3823 664 3892 quod
683 3825 726 3883 ait,
746 3820 965 3889 „dispensationes
983 3823 1061 3888 gratis
1079 3822 1282 3886 concedantur‘,

206 3905 282 3958 babet
299 3906 382 3958 mcum
402 3909 427 3958 in
446 3908 680 3974 compositionibus,
697 3923 749 3958 non
768 3909 793 3958 in
809 3907 935 3970 mercede,
953 3923 1019 3975 quaa
1036 3915 1141 3974 propter
1155 3907 1281 3962 bullarum

208 3991 396 4078 expeditionem
420 3993 524 4058 soluitur
548 4009 579 4058 ex
604 3993 813 4074 Congreqationis
833 3995 967 4052 utentia.
985 4019 1021 4032 -
1037 3991 1173 4066 Quemvis,
1197 4004 1225 4050 at
1248 3999 1283 4053 ait
1376 3977 1377 4016 ³
