2736 4660
155 207 218 276 362
576 223 656 279 cana
674 225 878 280 matrimoniales}

155 385 301 462 trimonii,
325 387 356 445 in
385 401 457 445 cusu
480 381 509 446 S.
533 381 563 446 C.
592 381 746 463 respondit
775 381 823 443 die
849 381 896 449 19.
920 381 1001 464 Sept.
1029 379 1122 448 1761:
1147 377 1290 446 Affirma-

154 491 216 550 uve
239 486 276 548 ud
298 490 424 568 primum
448 491 572 568 perient,
599 491 739 568 negative
762 485 799 548 ed
823 487 984 548 secundom
994 485 1031 562 ¹).

568 709 688 772 Casus
710 707 870 772 XXXVlil.

430 854 593 921 Affinitee
611 861 747 936 duplex.
784 859 1014 936 Dispensatio.

222 1019 380 1097 Peridus,
402 1017 472 1080 dum
487 1025 643 1083 aoteuelue
665 1025 746 1081 vitoe
762 1024 885 1082 erimine
910 1025 939 1081 in
954 1019 1144 1082 consessione
1162 1018 1292 1098 parocho

152 1129 259 1205 operit,
282 1123 442 1185 confitetur
463 1121 501 1182 de
524 1123 640 1202 copulis
661 1129 731 1184 unte
745 1127 968 1185 matrimonium
990 1122 1096 1185 habitis
1120 1141 1189 1184 eum
1213 1123 1293 1184 duu-

152 1228 209 1292 bue
231 1226 386 1288 sororibus
408 1229 512 1287 uxoris
534 1243 618 1304 sune,
642 1231 671 1286 et
694 1245 711 1288 a
733 1225 762 1288 S.
786 1225 1016 1288 Poenitenliarin
1040 1225 1133 1288 luisse
1155 1225 1203 1288 his
1227 1232 1294 1286 ter-

154 1334 242 1392 minis
265 1328 470 1408 dispensatum
493 1345 608 1408 „super
638 1329 853 1410 impedimento
883 1333 970 1409 primi
1000 1327 1154 1396 affinitatis
1178 1328 1293 1411 gradus

155 1431 194 1493 ob
216 1430 352 1512 copulam
375 1429 504 1492 huldium
528 1449 595 1492 eum
627 1434 766 1496 sorore“.
810 1432 885 1494 Hine
913 1432 1021 1512 duplici
1044 1436 1165 1514 ungitur
1189 1431 1292 1507 dubio,

152 1534 173 1596 l.
198 1533 277 1614 quod
301 1533 437 1613 copulem
456 1551 516 1596 non
532 1539 728 1614 expresserit,
752 1538 808 1597 nisi
826 1535 918 1595 senne!
933 1533 1073 1610 habitam,
1096 1533 1166 1594 dum
1193 1539 1293 1594 tamen

152 1637 264 1718 pluries
287 1642 464 1716 peccaverit.
512 1637 546 1698 li.
570 1637 656 1710 Quod
678 1637 716 1698 de
739 1637 846 1718 copula
868 1637 961 1698 semel
984 1637 1081 1697 hahita
1104 1655 1173 1698 uum
1197 1635 1294 1697 altem

151 1755 256 1802 sorore
278 1757 317 1800 ex
340 1737 493 1802 oblivione
515 1744 698 1802 mentionem
723 1759 784 1803 uon
806 1741 921 1803 secent.
966 1741 1146 1816 (inuenitur,
1172 1758 1210 1801 an
1236 1739 1294 1800 Pa·
1357 1773 1358 1808 n

152 1847 241 1904 risius
264 1841 371 1904 debeat
395 1842 587 1906 nihilominus
610 1841 648 1903 de
671 1861 706 1905 ea
728 1843 949 1924 dispensatione
972 1859 1041 1903 esse
1065 1843 1171 1904 tutus?
1357 1897 1358 1938 ᾖ

237 1944 417 2024 Respondeo
439 1943 476 2005 ud
500 1945 511 2006 l
535 1950 649 2026 portem
671 1945 869 2026 offirmtioe,
892 1950 961 2026 quia
980 1943 1108 2007 allinitus
1131 1963 1193 2006 non
1211 1945 1294 2006 mul·
1357 1943 1358 1946 ’

152 2048 300 2130 tipliculur
322 2048 498 2128 perplures
520 2049 641 2128 eopulue
664 2067 731 2111 eum
756 2049 859 2114 endem
890 2065 1035 2128 persona,
1068 2063 1168 2127 neque
1191 2050 1295 2126 impe-

107 2224 111 2232 ·
151 2152 315 2214 dimenlum
338 2149 448 2212 exinde
471 2153 595 2234 gmvius
615 2149 765 2230 efficitur,
797 2169 895 2233 neque
918 2139 1103 2231 dispensatio
1127 2149 1292 2213 diffieilior.

151 2253 351 2317 confirmetur
379 2271 418 2314 ex
450 2257 533 2334 proni
566 2259 597 2312 et
627 2253 706 2334 stylo
730 2254 838 2317 Cumae
858 2256 1021 2318 Romame.
1067 2255 1166 2317 Unum
1191 2260 1292 2316 lemen

146 2358 299 2439 juvenile
322 2355 433 2418 eumn
456 2359 623 2432 soisoitori,
652 2376 690 2418 eu
720 2359 835 2420 scilieet
863 2375 968 2420 omnes
991 2357 1059 2420 illas
1087 2357 1212 2436 copulas
1236 2356 1293 2418 hu-

149 2460 248 2522 huerit
269 2464 300 2520 el
321 2464 390 2520 ante
413 2462 654 2536 molemonium,
685 2467 715 2520 et
737 2467 806 2522 unte
835 2467 991 2522 executum
1023 2459 1292 2542 dispensationem.

148 2561 222 2624 Num
246 2566 270 2623 si
295 2561 342 2622 vel
366 2579 459 2624 unum
481 2565 595 2622 mutum
617 2567 683 2642 post
706 2569 868 2626 exeoutam
887 2562 1137 2643 dispensationem
1161 2561 1293 2624 habuis-

148 2672 210 2744 set,
234 2683 316 2728 noea
337 2684 416 2745 opus
439 2666 498 2725 en‘l
520 2665 759 2744 dispensatione,
784 2685 853 2727 eum
874 2668 1071 2746 dispensatio
1089 2685 1151 2728 non
1175 2672 1293 2726 exlen-

148 2771 242 2830 dutue
271 2769 314 2830 od
342 2782 436 2828 oum
464 2773 576 2846 posteo
606 2774 742 2831 exortoe.
787 2769 945 2848 (Sonehen.
980 2770 997 2832 Ι.
1026 2768 1055 2832 8.
1080 2769 1106 2829 d.
1130 2767 1182 2830 24.
1207 2787 1237 2829 u.
1263 2766 1292 2830 8.

147 2873 195 2934 De
214 2869 318 2948 luetis,
341 2868 528 2944 Girihnidnm)
550 2869 729 2949 Respondeu
751 2871 788 2932 ud
833 2871 866 2935 it.
890 2878 1003 2952 purtem
1033 2890 1106 2933 vero
1136 2873 1292 2950 impletive,

149 2973 300 3055 Quldqudd
323 2977 405 3034 enim
426 2989 514 3034 senus
536 2971 703 3034 docuerunt
724 2974 787 3039 DD.
812 2976 923 3056 aliqui,
948 2979 1114 3038 eommunis
1137 2977 1293 3036 sententio

150 3084 204 3156 eet,
229 3076 324 3158 quod,
355 3079 381 3136 si
410 3073 469 3138 duo
497 3075 708 3138 contrahentes
736 3082 795 3139 sint
824 3078 932 3159 duplici
962 3079 1098 3160 ej1sdem
1120 3076 1292 3155 affinitatis,

149 3179 201 3240 vet
220 3180 492 3259 consanguinium·
510 3178 597 3240 titulo
619 3180 788 3261 eonjuneti,
818 3181 929 3244 deuon
951 3181 989 3242 de
1021 3188 1152 3262 utroque
1175 3185 1208 3241 in
1233 3199 1292 3260 pe-

148 3282 237 3343 tendo
276 3280 499 3360 dispensatione
535 3285 719 3344 mentionem
751 3282 851 3344 iuuene
888 3303 924 3346 ae
955 3291 1116 3366 pmplereo
1144 3287 1179 3344 in
1216 3301 1290 3345 uosu

149 3392 228 3448 tutuo
253 3385 312 3448 non
335 3388 384 3444 est
403 3382 544 3461 Potitius,
568 3388 620 3464 qui
642 3383 777 3464 copulem
801 3405 868 3446 eum
891 3393 1017 3466 utroque
1039 3403 1290 3464 sororesponsue

149 3509 221 3553 sune
244 3507 305 3551 non
328 3489 485 3568 expressit.
530 3485 567 3548 El
595 3491 671 3550 tutio
694 3494 754 3566 est,
787 3494 872 3570 quio,
905 3493 1041 3568 quumvis
1073 3488 1185 3569 duplex
1208 3507 1289 3550 eon-

144 3595 307 3676 junetlom's
335 3588 447 3673 gradus
480 3593 518 3650 sit
547 3588 652 3652 eudem
681 3609 806 3658 nomem
835 3591 963 3654 affinitas
995 3610 1034 3652 ex
1068 3595 1182 3654 unitate
1211 3591 1288 3652 suh-

143 3698 235 3781 jeett,
268 3701 300 3760 iu
322 3713 384 3776 quo
405 3700 570 3778 repetitur,
603 3700 772 3759 esttamen
800 3714 838 3758 ex
866 3695 977 3776 dupliei
1005 3698 1120 3775 cupite,
1151 3699 1172 3758 i.
1197 3713 1223 3758 e.
1249 3711 1287 3752 en

175 3971 198 4038 ¹)
215 3969 336 4024 'lheeuun
355 3973 459 4027 resolui.
475 3969 500 4026 S.
518 3969 546 4028 ὓ.
565 3971 597 4029 Ο.
612 3979 674 4026 tom.
691 3969 731 4021 ἢ
752 3985 777 4042 p·
795 3969 854 4024 W&
873 3967 956 4024 (im
975 3967 1122 4040 Ludim-
