<?xml version="1.0" encoding="UTF-8"?>
<!DOCTYPE html PUBLIC "-//W3C//DTD XHTML 1.0 Transitional//EN"
    "http://www.w3.org/TR/xhtml1/DTD/xhtml1-transitional.dtd">
<html xmlns="http://www.w3.org/1999/xhtml" xml:lang="en" lang="en">
 <head>
  <title>
</title>
<meta http-equiv="Content-Type" content="text/html;charset=utf-8" />
  <meta name='ocr-system' content='tesseract 3.04.00' />
  <meta name='ocr-capabilities' content='ocr_page ocr_carea ocr_par ocr_line ocrx_word'/>
</head>
<body>
  <div class='ocr_page' id='page_1' title='image "./dematrimoniotra00heisgoog_0291.png"; bbox 0 0 2764 4664; ppageno 0'>
   <div class='ocr_carea' id='block_1_1' title="bbox 178 165 948 252">
    <p class='ocr_par' dir='ltr' id='par_1_1' title="bbox 178 165 948 252">
     <span class='ocr_line' id='line_1_1' title="bbox 178 165 948 252; baseline 0.004 -17"><span class='ocrx_word' id='word_1_1' title='bbox 178 165 245 235; x_wconf 64' lang='grc'><strong>266</strong></span> <span class='ocrx_word' id='word_1_2' title='bbox 544 183 581 235; x_wconf 85' lang='lat' dir='ltr'><strong>De</strong></span> <span class='ocrx_word' id='word_1_3' title='bbox 599 182 775 236; x_wconf 70' lang='lat' dir='ltr'><strong>celebratione</strong></span> <span class='ocrx_word' id='word_1_4' title='bbox 793 183 948 252; x_wconf 72' lang='lat' dir='ltr'><strong>Nuptiarum.</strong></span> 
     </span>
    </p>
   </div>
   <div class='ocr_carea' id='block_1_2' title="bbox 179 338 1312 424">
    <p class='ocr_par' dir='ltr' id='par_1_2' title="bbox 179 338 1312 424">
     <span class='ocr_line' id='line_1_2' title="bbox 179 338 1312 424; baseline -0.003 -19"><span class='ocrx_word' id='word_1_5' title='bbox 179 343 304 420; x_wconf 76' lang='lat' dir='ltr'><strong>rebant,</strong></span> <span class='ocrx_word' id='word_1_6' title='bbox 334 338 469 404; x_wconf 77' lang='lat' dir='ltr'><strong>securim</strong></span> <span class='ocrx_word' id='word_1_7' title='bbox 500 341 536 402; x_wconf 89' lang='lat' dir='ltr'><strong>ad</strong></span> <span class='ocrx_word' id='word_1_8' title='bbox 559 339 749 403; x_wconf 71' lang='lat' dir='ltr'><strong>Sacramenta</strong></span> <span class='ocrx_word' id='word_1_9' title='bbox 778 341 869 424; x_wconf 82' lang='lat' dir='ltr'>digne</span> <span class='ocrx_word' id='word_1_10' title='bbox 901 347 930 402; x_wconf 93' lang='lat' dir='ltr'><strong>et</strong></span> <span class='ocrx_word' id='word_1_11' title='bbox 963 341 1116 404; x_wconf 70' lang='lat' dir='ltr'><strong>fructuose</strong></span> <span class='ocrx_word' id='word_1_12' title='bbox 1140 340 1312 420; x_wconf 84' lang='lat' dir='ltr'><strong>recipienda</strong></span> 
     </span>
    </p>
   </div>
   <div class='ocr_carea' id='block_1_3' title="bbox 83 443 1316 528">
    <p class='ocr_par' dir='ltr' id='par_1_3' title="bbox 83 443 1316 528">
     <span class='ocr_line' id='line_1_3' title="bbox 83 443 1316 528; baseline -0.006 -18"><span class='ocrx_word' id='word_1_13' title='bbox 83 477 85 480; x_wconf 95' lang='lat'>·</span> <span class='ocrx_word' id='word_1_14' title='bbox 180 450 294 528; x_wconf 74' lang='lat' dir='ltr'><strong>possint</strong></span> <span class='ocrx_word' id='word_1_15' title='bbox 316 445 443 525; x_wconf 85' lang='lat' dir='ltr'><strong>disponi.</strong></span> <span class='ocrx_word' id='word_1_16' title='bbox 488 443 564 506; x_wconf 88' lang='lat' dir='ltr'><strong>ilino</strong></span> <span class='ocrx_word' id='word_1_17' title='bbox 587 443 686 524; x_wconf 87' lang='lat' dir='ltr'><strong>plures</strong></span> <span class='ocrx_word' id='word_1_18' title='bbox 698 443 721 521; x_wconf 84' lang='lat'><strong>¹)</strong></span> <span class='ocrx_word' id='word_1_19' title='bbox 744 444 881 523; x_wconf 79' lang='lat' dir='ltr'><strong>suadent,</strong></span> <span class='ocrx_word' id='word_1_20' title='bbox 905 450 1057 506; x_wconf 89' lang='lat' dir='ltr'><strong>utstatim</strong></span> <span class='ocrx_word' id='word_1_21' title='bbox 1080 451 1150 505; x_wconf 85' lang='lat' dir='ltr'><strong>ante</strong></span> <span class='ocrx_word' id='word_1_22' title='bbox 1179 444 1228 504; x_wconf 87' lang='lat' dir='ltr'><strong>vel</strong></span> <span class='ocrx_word' id='word_1_23' title='bbox 1253 447 1316 519; x_wconf 85' lang='lat' dir='ltr'><strong>pri-.</strong></span> 
     </span>
    </p>
   </div>
   <div class='ocr_carea' id='block_1_4' title="bbox 138 547 1326 2277">
    <p class='ocr_par' dir='ltr' id='par_1_4' title="bbox 179 547 1321 1641">
     <span class='ocr_line' id='line_1_4' title="bbox 180 547 1316 630; baseline -0.004 -19"><span class='ocrx_word' id='word_1_24' title='bbox 180 567 257 611; x_wconf 87' lang='lat' dir='ltr'><strong>mam</strong></span> <span class='ocrx_word' id='word_1_25' title='bbox 291 547 560 630; x_wconf 72' lang='lat' dir='ltr'><strong>promulgationem</strong></span> <span class='ocrx_word' id='word_1_26' title='bbox 596 547 761 608; x_wconf 76' lang='lat' dir='ltr'><strong>barinorum</strong></span> <span class='ocrx_word' id='word_1_27' title='bbox 794 549 1004 610; x_wconf 82' lang='lat' dir='ltr'><strong>contrahentes</strong></span> <span class='ocrx_word' id='word_1_28' title='bbox 1039 549 1228 610; x_wconf 71' lang='lat' dir='ltr'><strong>intueantur</strong></span> <span class='ocrx_word' id='word_1_29' title='bbox 1247 553 1316 624; x_wconf 80' lang='lat' dir='ltr'><strong>(pro</strong></span> 
     </span>
     <span class='ocr_line' id='line_1_5' title="bbox 180 649 1316 732; baseline -0.004 -21"><span class='ocrx_word' id='word_1_30' title='bbox 180 655 275 732; x_wconf 80' lang='lat' dir='ltr'><strong>prima</strong></span> <span class='ocrx_word' id='word_1_31' title='bbox 297 652 379 716; x_wconf 78' lang='lat' dir='ltr'><strong>vice)</strong></span> <span class='ocrx_word' id='word_1_32' title='bbox 402 649 438 714; x_wconf 91' lang='lat' dir='ltr'><strong>ad</strong></span> <span class='ocrx_word' id='word_1_33' title='bbox 456 649 688 728; x_wconf 84' lang='lat' dir='ltr'><strong>contessionem,</strong></span> <span class='ocrx_word' id='word_1_34' title='bbox 713 649 884 730; x_wconf 88' lang='lat' dir='ltr'><strong>etquidem,</strong></span> <span class='ocrx_word' id='word_1_35' title='bbox 907 655 931 711; x_wconf 87' lang='lat' dir='ltr'><strong>si</strong></span> <span class='ocrx_word' id='word_1_36' title='bbox 956 651 1021 712; x_wconf 87' lang='lat' dir='ltr'><strong>lieri</strong></span> <span class='ocrx_word' id='word_1_37' title='bbox 1046 657 1154 732; x_wconf 88' lang='lat' dir='ltr'><strong>potest,</strong></span> <span class='ocrx_word' id='word_1_38' title='bbox 1178 649 1217 712; x_wconf 87' lang='lat' dir='ltr'><strong>ad</strong></span> <span class='ocrx_word' id='word_1_39' title='bbox 1239 665 1316 708; x_wconf 89' lang='lat' dir='ltr'><strong>con-</strong></span> 
     </span>
     <span class='ocr_line' id='line_1_6' title="bbox 180 749 1317 836; baseline -0.006 -20"><span class='ocrx_word' id='word_1_40' title='bbox 180 756 340 830; x_wconf 75' lang='lat' dir='ltr'><strong>lessionem</strong></span> <span class='ocrx_word' id='word_1_41' title='bbox 363 751 535 836; x_wconf 78' lang='lat' dir='ltr'><strong>generalem</strong></span> <span class='ocrx_word' id='word_1_42' title='bbox 550 754 598 813; x_wconf 90' lang='lat' dir='ltr'><strong>vel</strong></span> <span class='ocrx_word' id='word_1_43' title='bbox 621 758 652 813; x_wconf 90' lang='lat' dir='ltr'><strong>in</strong></span> <span class='ocrx_word' id='word_1_44' title='bbox 676 752 743 813; x_wconf 90' lang='lat' dir='ltr'><strong>loco</strong></span> <span class='ocrx_word' id='word_1_45' title='bbox 766 756 947 832; x_wconf 86' lang='lat' dir='ltr'><strong>contractus,</strong></span> <span class='ocrx_word' id='word_1_46' title='bbox 973 756 1020 816; x_wconf 92' lang='lat' dir='ltr'><strong>vel</strong></span> <span class='ocrx_word' id='word_1_47' title='bbox 1044 755 1127 828; x_wconf 75' lang='lat' dir='ltr'><strong>atton</strong></span> <span class='ocrx_word' id='word_1_48' title='bbox 1150 773 1185 814; x_wconf 93' lang='lat' dir='ltr'><strong>ac</strong></span> <span class='ocrx_word' id='word_1_49' title='bbox 1208 749 1317 812; x_wconf 88' lang='lat' dir='ltr'><strong>deinde</strong></span> 
     </span>
     <span class='ocr_line' id='line_1_7' title="bbox 179 851 1317 937; baseline -0.004 -18"><span class='ocrx_word' id='word_1_50' title='bbox 179 863 288 920; x_wconf 88' lang='lat' dir='ltr'><strong>iterum</strong></span> <span class='ocrx_word' id='word_1_51' title='bbox 311 856 406 937; x_wconf 85' lang='lat' dir='ltr'><strong>pridie</strong></span> <span class='ocrx_word' id='word_1_52' title='bbox 429 851 662 916; x_wconf 83' lang='lat' dir='ltr'><strong>celebrationem</strong></span> <span class='ocrx_word' id='word_1_53' title='bbox 677 859 868 934; x_wconf 84' lang='lat' dir='ltr'><strong>matrimonii,</strong></span> <span class='ocrx_word' id='word_1_54' title='bbox 891 875 948 937; x_wconf 84' lang='lat' dir='ltr'><strong>qua</strong></span> <span class='ocrx_word' id='word_1_55' title='bbox 968 862 1129 920; x_wconf 80' lang='lat' dir='ltr'><strong>occasione</strong></span> <span class='ocrx_word' id='word_1_56' title='bbox 1151 857 1218 918; x_wconf 85' lang='lat' dir='ltr'><strong>data</strong></span> <span class='ocrx_word' id='word_1_57' title='bbox 1241 873 1317 916; x_wconf 57' lang='lat' dir='ltr'><strong>con«</strong></span> 
     </span>
     <span class='ocr_line' id='line_1_8' title="bbox 179 958 1317 1023; baseline -0.005 0"><span class='ocrx_word' id='word_1_58' title='bbox 179 965 339 1023; x_wconf 69' lang='lat' dir='ltr'><strong>venientu</strong></span> <span class='ocrx_word' id='word_1_59' title='bbox 359 958 396 1018; x_wconf 91' lang='lat' dir='ltr'><strong>de</strong></span> <span class='ocrx_word' id='word_1_60' title='bbox 419 960 503 1020; x_wconf 83' lang='lat' dir='ltr'><strong>licito</strong></span> <span class='ocrx_word' id='word_1_61' title='bbox 524 978 563 1020; x_wconf 87' lang='lat' dir='ltr'><strong>uc</strong></span> <span class='ocrx_word' id='word_1_62' title='bbox 585 959 685 1020; x_wconf 83' lang='lat' dir='ltr'><strong>debito</strong></span> <span class='ocrx_word' id='word_1_63' title='bbox 713 977 773 1019; x_wconf 82' lang='lat' dir='ltr'><strong>aaa</strong></span> <span class='ocrx_word' id='word_1_64' title='bbox 804 964 983 1022; x_wconf 84' lang='lat' dir='ltr'><strong>matrimonii</strong></span> <span class='ocrx_word' id='word_1_65' title='bbox 1015 964 1173 1022; x_wconf 86' lang='lat' dir='ltr'><strong>instructio</strong></span> <span class='ocrx_word' id='word_1_66' title='bbox 1195 962 1317 1020; x_wconf 91' lang='lat' dir='ltr'><strong>omnino</strong></span> 
     </span>
     <span class='ocr_line' id='line_1_9' title="bbox 182 1059 1318 1143; baseline -0.008 -17"><span class='ocrx_word' id='word_1_67' title='bbox 182 1067 351 1126; x_wconf 86' lang='lat' dir='ltr'><strong>neccssaria</strong></span> <span class='ocrx_word' id='word_1_68' title='bbox 374 1061 446 1123; x_wconf 89' lang='lat' dir='ltr'><strong>tradi</strong></span> <span class='ocrx_word' id='word_1_69' title='bbox 473 1059 610 1140; x_wconf 67' lang='lat' dir='ltr'><strong>potere).</strong></span> <span class='ocrx_word' id='word_1_70' title='bbox 655 1060 685 1125; x_wconf 88' lang='lat' dir='ltr'><strong>S.</strong></span> <span class='ocrx_word' id='word_1_71' title='bbox 710 1061 886 1124; x_wconf 84' lang='lat' dir='ltr'><strong>Communia</strong></span> <span class='ocrx_word' id='word_1_72' title='bbox 904 1063 988 1143; x_wconf 85' lang='lat' dir='ltr'><strong>juxta</strong></span> <span class='ocrx_word' id='word_1_73' title='bbox 1012 1063 1155 1124; x_wconf 85' lang='lat' dir='ltr'><strong>Rubrices</strong></span> <span class='ocrx_word' id='word_1_74' title='bbox 1178 1061 1318 1128; x_wconf 67' lang='lat' dir='ltr'><strong>Missalia</strong></span> 
     </span>
     <span class='ocr_line' id='line_1_10' title="bbox 181 1162 1321 1248; baseline -0.004 -21"><span class='ocrx_word' id='word_1_75' title='bbox 181 1175 238 1240; x_wconf 79' lang='lat' dir='ltr'><strong>(sc.</strong></span> <span class='ocrx_word' id='word_1_76' title='bbox 271 1169 303 1226; x_wconf 92' lang='lat' dir='ltr'><strong>in</strong></span> <span class='ocrx_word' id='word_1_77' title='bbox 333 1163 423 1227; x_wconf 83' lang='lat' dir='ltr'><strong>Missa</strong></span> <span class='ocrx_word' id='word_1_78' title='bbox 461 1183 514 1244; x_wconf 92' lang='lat' dir='ltr'><strong>pro</strong></span> <span class='ocrx_word' id='word_1_79' title='bbox 543 1168 678 1246; x_wconf 77' lang='lat' dir='ltr'><strong>sponsiS,</strong></span> <span class='ocrx_word' id='word_1_80' title='bbox 717 1165 766 1226; x_wconf 90' lang='lat' dir='ltr'><strong>ubi</strong></span> <span class='ocrx_word' id='word_1_81' title='bbox 804 1165 928 1248; x_wconf 81' lang='lat' dir='ltr'><strong>legitur,</strong></span> <span class='ocrx_word' id='word_1_82' title='bbox 967 1172 1144 1248; x_wconf 84' lang='lat' dir='ltr'><strong>„postquam</strong></span> <span class='ocrx_word' id='word_1_83' title='bbox 1177 1162 1321 1225; x_wconf 89' lang='lat' dir='ltr'><strong>sacerdos</strong></span> 
     </span>
     <span class='ocr_line' id='line_1_11' title="bbox 181 1265 1320 1351; baseline -0.008 -20"><span class='ocrx_word' id='word_1_84' title='bbox 181 1273 340 1348; x_wconf 86' lang='lat' dir='ltr'><strong>sumpserit</strong></span> <span class='ocrx_word' id='word_1_85' title='bbox 363 1266 555 1351; x_wconf 82' lang='lat' dir='ltr'><strong>Sanguinem,</strong></span> <span class='ocrx_word' id='word_1_86' title='bbox 581 1273 782 1330; x_wconf 90' lang='lat' dir='ltr'><strong>communicet</strong></span> <span class='ocrx_word' id='word_1_87' title='bbox 804 1271 987 1348; x_wconf 85' lang='lat' dir='ltr'><strong>sponsos“),</strong></span> <span class='ocrx_word' id='word_1_88' title='bbox 1012 1269 1075 1330; x_wconf 87' lang='lat' dir='ltr'><strong>fieri</strong></span> <span class='ocrx_word' id='word_1_89' title='bbox 1100 1269 1190 1329; x_wconf 83' lang='lat' dir='ltr'><strong>debet</strong></span> <span class='ocrx_word' id='word_1_90' title='bbox 1212 1265 1320 1326; x_wconf 87' lang='lat' dir='ltr'><strong>codem</strong></span> 
     </span>
     <span class='ocr_line' id='line_1_12' title="bbox 181 1371 1320 1451; baseline -0.005 -17"><span class='ocrx_word' id='word_1_91' title='bbox 181 1371 230 1434; x_wconf 89' lang='lat' dir='ltr'><strong>die</strong></span> <span class='ocrx_word' id='word_1_92' title='bbox 254 1372 386 1451; x_wconf 86' lang='lat' dir='ltr'><strong>nuptiali,</strong></span> <span class='ocrx_word' id='word_1_93' title='bbox 410 1371 503 1450; x_wconf 87' lang='lat' dir='ltr'><strong>idque</strong></span> <span class='ocrx_word' id='word_1_94' title='bbox 524 1371 601 1432; x_wconf 84' lang='lat' dir='ltr'><strong>inira</strong></span> <span class='ocrx_word' id='word_1_95' title='bbox 624 1371 761 1446; x_wconf 79' lang='lat' dir='ltr'><strong>Missam3</strong></span> <span class='ocrx_word' id='word_1_96' title='bbox 795 1371 847 1434; x_wconf 87' lang='lat' dir='ltr'><strong>sed</strong></span> <span class='ocrx_word' id='word_1_97' title='bbox 870 1375 901 1432; x_wconf 89' lang='lat' dir='ltr'><strong>in</strong></span> <span class='ocrx_word' id='word_1_98' title='bbox 924 1373 1023 1434; x_wconf 86' lang='lat' dir='ltr'><strong>multis</strong></span> <span class='ocrx_word' id='word_1_99' title='bbox 1056 1373 1129 1435; x_wconf 88' lang='lat' dir='ltr'><strong>locis</strong></span> <span class='ocrx_word' id='word_1_100' title='bbox 1159 1387 1198 1431; x_wconf 85' lang='lat' dir='ltr'><strong>ex</strong></span> <span class='ocrx_word' id='word_1_101' title='bbox 1221 1373 1320 1429; x_wconf 88' lang='lat' dir='ltr'><strong>causis</strong></span> 
     </span>
     <span class='ocr_line' id='line_1_13' title="bbox 181 1472 1320 1557; baseline -0.006 -20"><span class='ocrx_word' id='word_1_102' title='bbox 181 1475 278 1537; x_wconf 81' lang='lat' dir='ltr'><strong>obviis</strong></span> <span class='ocrx_word' id='word_1_103' title='bbox 311 1483 373 1536; x_wconf 87' lang='lat' dir='ltr'><strong>non</strong></span> <span class='ocrx_word' id='word_1_104' title='bbox 402 1479 571 1557; x_wconf 81' lang='lat' dir='ltr'><strong>incongrue</strong></span> <span class='ocrx_word' id='word_1_105' title='bbox 604 1478 800 1555; x_wconf 87' lang='lat' dir='ltr'><strong>praecipitur,</strong></span> <span class='ocrx_word' id='word_1_106' title='bbox 834 1480 866 1535; x_wconf 91' lang='lat' dir='ltr'><strong>ut</strong></span> <span class='ocrx_word' id='word_1_107' title='bbox 889 1493 911 1536; x_wconf 89' lang='lat' dir='ltr'><strong>s.</strong></span> <span class='ocrx_word' id='word_1_108' title='bbox 937 1476 1114 1537; x_wconf 79' lang='lat' dir='ltr'><strong>Communio</strong></span> <span class='ocrx_word' id='word_1_109' title='bbox 1145 1473 1195 1534; x_wconf 88' lang='lat' dir='ltr'><strong>ilat</strong></span> <span class='ocrx_word' id='word_1_110' title='bbox 1225 1472 1320 1553; x_wconf 80' lang='lat' dir='ltr'><strong>pridie</strong></span> 
     </span>
     <span class='ocr_line' id='line_1_14' title="bbox 182 1577 463 1641; baseline -0.004 -1"><span class='ocrx_word' id='word_1_111' title='bbox 182 1579 232 1640; x_wconf 82' lang='lat' dir='ltr'><strong>uei</strong></span> <span class='ocrx_word' id='word_1_112' title='bbox 253 1577 345 1641; x_wconf 78' lang='lat' dir='ltr'><strong>hiduo</strong></span> <span class='ocrx_word' id='word_1_113' title='bbox 366 1583 463 1639; x_wconf 89' lang='lat' dir='ltr'><strong>antea.</strong></span> 
     </span>
    </p>

    <p class='ocr_par' dir='ltr' id='par_1_5' title="bbox 138 1677 1326 2277">
     <span class='ocr_line' id='line_1_15' title="bbox 266 1677 1321 1760; baseline -0.009 -15"><span class='ocrx_word' id='word_1_114' title='bbox 266 1680 312 1745; x_wconf 82' lang='lat' dir='ltr'><strong>Ex</strong></span> <span class='ocrx_word' id='word_1_115' title='bbox 334 1698 469 1760; x_wconf 87' lang='lat' dir='ltr'><strong>respons.</strong></span> <span class='ocrx_word' id='word_1_116' title='bbox 492 1681 519 1743; x_wconf 87' lang='lat' dir='ltr'><strong>S.</strong></span> <span class='ocrx_word' id='word_1_117' title='bbox 545 1680 577 1744; x_wconf 77' lang='lat' dir='ltr'><strong>li.</strong></span> <span class='ocrx_word' id='word_1_118' title='bbox 602 1679 636 1741; x_wconf 86' lang='lat' dir='ltr'><strong>C.</strong></span> <span class='ocrx_word' id='word_1_119' title='bbox 657 1679 706 1741; x_wconf 91' lang='lat' dir='ltr'><strong>die</strong></span> <span class='ocrx_word' id='word_1_120' title='bbox 724 1677 774 1742; x_wconf 73' lang='lat'><strong>23.</strong></span> <span class='ocrx_word' id='word_1_121' title='bbox 790 1679 872 1743; x_wconf 88' lang='lat' dir='ltr'><strong>lunii</strong></span> <span class='ocrx_word' id='word_1_122' title='bbox 902 1679 979 1744; x_wconf 79' lang='lat'>1853</span> <span class='ocrx_word' id='word_1_123' title='bbox 1003 1685 1034 1741; x_wconf 90' lang='lat' dir='ltr'><strong>in</strong></span> <span class='ocrx_word' id='word_1_124' title='bbox 1058 1697 1145 1740; x_wconf 88' lang='lat' dir='ltr'><strong>causa</strong></span> <span class='ocrx_word' id='word_1_125' title='bbox 1169 1677 1321 1760; x_wconf 80' lang='lat' dir='ltr'><strong>limburg.</strong></span> 
     </span>
     <span class='ocr_line' id='line_1_16' title="bbox 138 1779 1324 1862; baseline -0.005 -16"><span class='ocrx_word' id='word_1_126' title='bbox 138 1779 140 1792; x_wconf 90' lang='lat'>&#39;</span> <span class='ocrx_word' id='word_1_127' title='bbox 181 1786 260 1848; x_wconf 87' lang='lat' dir='ltr'><strong>inira</strong></span> <span class='ocrx_word' id='word_1_128' title='bbox 281 1787 379 1846; x_wconf 87' lang='lat' dir='ltr'><strong>citatis</strong></span> <span class='ocrx_word' id='word_1_129' title='bbox 403 1789 448 1860; x_wconf 65' lang='grc' dir='ltr'><strong>(ς.</strong></span> <span class='ocrx_word' id='word_1_130' title='bbox 471 1781 537 1856; x_wconf 78' lang='lat' dir='ltr'><strong>iil.)</strong></span> <span class='ocrx_word' id='word_1_131' title='bbox 570 1782 717 1860; x_wconf 79' lang='lat' dir='ltr'><strong>insertur,</strong></span> <span class='ocrx_word' id='word_1_132' title='bbox 750 1799 773 1844; x_wconf 94' lang='lat' dir='ltr'><strong>s.</strong></span> <span class='ocrx_word' id='word_1_133' title='bbox 805 1782 1050 1846; x_wconf 88' lang='lat' dir='ltr'><strong>Communioncm</strong></span> <span class='ocrx_word' id='word_1_134' title='bbox 1081 1803 1098 1845; x_wconf 89' lang='lat' dir='ltr'><strong>a</strong></span> <span class='ocrx_word' id='word_1_135' title='bbox 1127 1786 1265 1862; x_wconf 86' lang='lat' dir='ltr'><strong>sponsis,</strong></span> <span class='ocrx_word' id='word_1_136' title='bbox 1296 1784 1324 1841; x_wconf 90' lang='lat' dir='ltr'><strong>si</strong></span> 
     </span>
     <span class='ocr_line' id='line_1_17' title="bbox 183 1884 1324 1966; baseline -0.003 -17"><span class='ocrx_word' id='word_1_137' title='bbox 183 1903 289 1949; x_wconf 85' lang='lat' dir='ltr'><strong>eorum</strong></span> <span class='ocrx_word' id='word_1_138' title='bbox 312 1890 433 1966; x_wconf 89' lang='lat' dir='ltr'><strong>nuptiae</strong></span> <span class='ocrx_word' id='word_1_139' title='bbox 457 1886 634 1948; x_wconf 90' lang='lat' dir='ltr'><strong>solemniter</strong></span> <span class='ocrx_word' id='word_1_140' title='bbox 656 1885 886 1962; x_wconf 87' lang='lat' dir='ltr'><strong>benedicantur,</strong></span> <span class='ocrx_word' id='word_1_141' title='bbox 919 1902 1039 1964; x_wconf 88' lang='lat' dir='ltr'><strong>sempor</strong></span> <span class='ocrx_word' id='word_1_142' title='bbox 1061 1884 1229 1947; x_wconf 83' lang='lat' dir='ltr'><strong>faciendam</strong></span> <span class='ocrx_word' id='word_1_143' title='bbox 1253 1900 1324 1946; x_wconf 83' lang='lat' dir='ltr'><strong>esse</strong></span> 
     </span>
     <span class='ocr_line' id='line_1_18' title="bbox 182 1986 1324 2069; baseline -0.004 -19"><span class='ocrx_word' id='word_1_144' title='bbox 182 1989 262 2055; x_wconf 82' lang='lat' dir='ltr'><strong>lnlm</strong></span> <span class='ocrx_word' id='word_1_145' title='bbox 282 1987 418 2065; x_wconf 79' lang='lat' dir='ltr'><strong>Missam,</strong></span> <span class='ocrx_word' id='word_1_146' title='bbox 448 1988 620 2069; x_wconf 87' lang='lat' dir='ltr'><strong>etquidem</strong></span> <span class='ocrx_word' id='word_1_147' title='bbox 646 1989 732 2069; x_wconf 87' lang='lat' dir='ltr'><strong>juxta</strong></span> <span class='ocrx_word' id='word_1_148' title='bbox 757 1995 886 2050; x_wconf 85' lang='lat' dir='ltr'><strong>rnentcm</strong></span> <span class='ocrx_word' id='word_1_149' title='bbox 917 1987 1100 2050; x_wconf 82' lang='lat' dir='ltr'><strong>rubricarum</strong></span> <span class='ocrx_word' id='word_1_150' title='bbox 1124 2005 1180 2069; x_wconf 88' lang='lat' dir='ltr'><strong>per</strong></span> <span class='ocrx_word' id='word_1_151' title='bbox 1203 1986 1324 2048; x_wconf 90' lang='lat' dir='ltr'><strong>modum</strong></span> 
     </span>
     <span class='ocr_line' id='line_1_19' title="bbox 183 2089 1326 2171; baseline -0.005 -15"><span class='ocrx_word' id='word_1_152' title='bbox 183 2091 338 2170; x_wconf 75' lang='lat' dir='ltr'><strong>malificii,</strong></span> <span class='ocrx_word' id='word_1_153' title='bbox 371 2095 508 2153; x_wconf 89' lang='lat' dir='ltr'><strong>nimirum</strong></span> <span class='ocrx_word' id='word_1_154' title='bbox 536 2091 593 2153; x_wconf 89' lang='lat' dir='ltr'><strong>hoc</strong></span> <span class='ocrx_word' id='word_1_155' title='bbox 623 2091 731 2166; x_wconf 75' lang='lat' dir='ltr'><strong>inodo,</strong></span> <span class='ocrx_word' id='word_1_156' title='bbox 765 2097 798 2153; x_wconf 88' lang='lat' dir='ltr'><strong>ut</strong></span> <span class='ocrx_word' id='word_1_157' title='bbox 820 2091 897 2154; x_wconf 88' lang='lat' dir='ltr'><strong>duae</strong></span> <span class='ocrx_word' id='word_1_158' title='bbox 925 2091 1041 2152; x_wconf 71' lang='lat' dir='ltr'><strong>hostiae</strong></span> <span class='ocrx_word' id='word_1_159' title='bbox 1072 2107 1183 2171; x_wconf 88' lang='lat' dir='ltr'><strong>parvae</strong></span> <span class='ocrx_word' id='word_1_160' title='bbox 1215 2095 1246 2150; x_wconf 91' lang='lat' dir='ltr'><strong>in</strong></span> <span class='ocrx_word' id='word_1_161' title='bbox 1271 2089 1326 2151; x_wconf 86' lang='lat' dir='ltr'><strong>hae</strong></span> 
     </span>
     <span class='ocr_line' id='line_1_20' title="bbox 185 2199 1007 2277; baseline -0.004 -19"><span class='ocrx_word' id='word_1_162' title='bbox 185 2201 274 2259; x_wconf 87' lang='lat' dir='ltr'><strong>missa</strong></span> <span class='ocrx_word' id='word_1_163' title='bbox 297 2200 361 2277; x_wconf 90' lang='lat' dir='ltr'><strong>ipsa</strong></span> <span class='ocrx_word' id='word_1_164' title='bbox 384 2213 439 2276; x_wconf 85' lang='lat' dir='ltr'><strong>pro</strong></span> <span class='ocrx_word' id='word_1_165' title='bbox 461 2213 572 2276; x_wconf 84' lang='lat' dir='ltr'><strong>sponso</strong></span> <span class='ocrx_word' id='word_1_166' title='bbox 595 2199 626 2256; x_wconf 91' lang='lat' dir='ltr'><strong>et</strong></span> <span class='ocrx_word' id='word_1_167' title='bbox 647 2211 758 2273; x_wconf 87' lang='lat' dir='ltr'><strong>sponsa</strong></span> <span class='ocrx_word' id='word_1_168' title='bbox 781 2200 1007 2256; x_wconf 84' lang='lat' dir='ltr'><strong>consecrentur.</strong></span> 
     </span>
    </p>
   </div>
   <div class='ocr_carea' id='block_1_5' title="bbox 704 2380 807 2456">
    <p class='ocr_par' dir='ltr' id='par_1_6' title="bbox 704 2380 807 2456">
     <span class='ocr_line' id='line_1_21' title="bbox 704 2380 807 2456; baseline 0 -10"><span class='ocrx_word' id='word_1_169' title='bbox 704 2387 732 2456; x_wconf 70' lang='grc' dir='ltr'><strong>δ.</strong></span> <span class='ocrx_word' id='word_1_170' title='bbox 757 2380 807 2446; x_wconf 81' lang='grc'><strong>70.</strong></span> 
     </span>
    </p>
   </div>
   <div class='ocr_carea' id='block_1_6' title="bbox 454 2534 1046 2628">
    <p class='ocr_par' dir='ltr' id='par_1_7' title="bbox 454 2534 1046 2628">
     <span class='ocr_line' id='line_1_22' title="bbox 454 2534 1046 2628; baseline -0.005 -14"><span class='ocrx_word' id='word_1_171' title='bbox 454 2553 505 2614; x_wconf 87' lang='lat' dir='ltr'><strong>De</strong></span> <span class='ocrx_word' id='word_1_172' title='bbox 522 2551 853 2628; x_wconf 84' lang='lat' dir='ltr'><strong>proclamationibus</strong></span> <span class='ocrx_word' id='word_1_173' title='bbox 870 2534 1046 2612; x_wconf 82' lang='lat' dir='ltr'><strong>iaciendis.</strong></span> 
     </span>
    </p>
   </div>
   <div class='ocr_carea' id='block_1_7' title="bbox 186 2710 1332 3522">
    <p class='ocr_par' dir='ltr' id='par_1_8' title="bbox 186 2710 1332 3522">
     <span class='ocr_line' id='line_1_23' title="bbox 272 2710 1322 2796; baseline -0.009 -16"><span class='ocrx_word' id='word_1_174' title='bbox 272 2719 294 2780; x_wconf 90' lang='lat' dir='ltr'><strong>l.</strong></span> <span class='ocrx_word' id='word_1_175' title='bbox 317 2717 510 2796; x_wconf 78' lang='lat' dir='ltr'><strong>„Antequam</strong></span> <span class='ocrx_word' id='word_1_176' title='bbox 524 2715 743 2774; x_wconf 86' lang='lat' dir='ltr'><strong>matrimonium</strong></span> <span class='ocrx_word' id='word_1_177' title='bbox 766 2710 967 2786; x_wconf 90' lang='lat' dir='ltr'><strong>contrahatur,</strong></span> <span class='ocrx_word' id='word_1_178' title='bbox 992 2718 1038 2773; x_wconf 88' lang='lat' dir='ltr'><strong>ter</strong></span> <span class='ocrx_word' id='word_1_179' title='bbox 1059 2733 1076 2774; x_wconf 93' lang='lat' dir='ltr'><strong>a</strong></span> <span class='ocrx_word' id='word_1_180' title='bbox 1099 2713 1219 2792; x_wconf 88' lang='lat' dir='ltr'><strong>proprio</strong></span> <span class='ocrx_word' id='word_1_181' title='bbox 1243 2729 1322 2772; x_wconf 87' lang='lat' dir='ltr'><strong>cen-</strong></span> 
     </span>
     <span class='ocr_line' id='line_1_24' title="bbox 186 2814 1323 2898; baseline -0.007 -14"><span class='ocrx_word' id='word_1_182' title='bbox 186 2821 364 2891; x_wconf 73' lang='lat' dir='ltr'><strong>tratcntium</strong></span> <span class='ocrx_word' id='word_1_183' title='bbox 389 2816 516 2898; x_wconf 87' lang='lat' dir='ltr'><strong>parocho</strong></span> <span class='ocrx_word' id='word_1_184' title='bbox 539 2818 685 2878; x_wconf 87' lang='lat' dir='ltr'><strong>continuis</strong></span> <span class='ocrx_word' id='word_1_185' title='bbox 708 2815 814 2878; x_wconf 89' lang='lat' dir='ltr'><strong>diebus</strong></span> <span class='ocrx_word' id='word_1_186' title='bbox 836 2815 920 2878; x_wconf 87' lang='lat' dir='ltr'><strong>lestis</strong></span> <span class='ocrx_word' id='word_1_187' title='bbox 943 2820 973 2875; x_wconf 92' lang='lat' dir='ltr'><strong>in</strong></span> <span class='ocrx_word' id='word_1_188' title='bbox 994 2814 1127 2878; x_wconf 83' lang='lat' dir='ltr'><strong>Ecclesia</strong></span> <span class='ocrx_word' id='word_1_189' title='bbox 1150 2819 1228 2878; x_wconf 87' lang='lat' dir='ltr'><strong>intra</strong></span> <span class='ocrx_word' id='word_1_190' title='bbox 1245 2815 1323 2876; x_wconf 90' lang='lat' dir='ltr'><strong>illis-</strong></span> 
     </span>
     <span class='ocr_line' id='line_1_25' title="bbox 187 2917 1323 2998; baseline -0.011 -9"><span class='ocrx_word' id='word_1_191' title='bbox 187 2941 287 2989; x_wconf 82' lang='lat' dir='ltr'><strong>sarum</strong></span> <span class='ocrx_word' id='word_1_192' title='bbox 310 2922 456 2986; x_wconf 75' lang='lat' dir='ltr'><strong>munnio</strong></span> <span class='ocrx_word' id='word_1_193' title='bbox 478 2920 515 2981; x_wconf 88' lang='lat' dir='ltr'><strong>ad</strong></span> <span class='ocrx_word' id='word_1_194' title='bbox 530 2919 618 2982; x_wconf 82' lang='lat' dir='ltr'><strong>Cone.</strong></span> <span class='ocrx_word' id='word_1_195' title='bbox 636 2918 714 2982; x_wconf 84' lang='lat' dir='ltr'><strong>Trid.</strong></span> <span class='ocrx_word' id='word_1_196' title='bbox 738 2922 952 2998; x_wconf 90' lang='lat' dir='ltr'><strong>praescriptum</strong></span> <span class='ocrx_word' id='word_1_197' title='bbox 978 2917 1093 2996; x_wconf 87' lang='lat' dir='ltr'><strong>publice</strong></span> <span class='ocrx_word' id='word_1_198' title='bbox 1116 2918 1323 2990; x_wconf 88' lang='lat' dir='ltr'><strong>denuntietur,</strong></span> 
     </span>
     <span class='ocr_line' id='line_1_26' title="bbox 187 3019 1326 3107; baseline -0.01 -17"><span class='ocrx_word' id='word_1_199' title='bbox 187 3033 268 3092; x_wconf 88' lang='lat' dir='ltr'><strong>inter</strong></span> <span class='ocrx_word' id='word_1_200' title='bbox 287 3043 364 3107; x_wconf 73' lang='lat' dir='ltr'><strong>quos</strong></span> <span class='ocrx_word' id='word_1_201' title='bbox 387 3025 607 3087; x_wconf 88' lang='lat' dir='ltr'><strong>matrimonium</strong></span> <span class='ocrx_word' id='word_1_202' title='bbox 636 3026 675 3084; x_wconf 91' lang='lat' dir='ltr'><strong>sit</strong></span> <span class='ocrx_word' id='word_1_203' title='bbox 703 3020 1007 3096; x_wconf 82' lang='lat' dir='ltr'><strong>contrahendunr“³).</strong></span> <span class='ocrx_word' id='word_1_204' title='bbox 1052 3020 1113 3083; x_wconf 89' lang='lat' dir='ltr'><strong>llas</strong></span> <span class='ocrx_word' id='word_1_205' title='bbox 1142 3027 1243 3082; x_wconf 88' lang='lat' dir='ltr'><strong>autem</strong></span> <span class='ocrx_word' id='word_1_206' title='bbox 1268 3019 1326 3080; x_wconf 89' lang='lat' dir='ltr'><strong>de-</strong></span> 
     </span>
     <span class='ocr_line' id='line_1_27' title="bbox 187 3123 1329 3208; baseline -0.007 -16"><span class='ocrx_word' id='word_1_207' title='bbox 187 3134 393 3192; x_wconf 65' lang='lat' dir='ltr'><strong>nuntiationes</strong></span> <span class='ocrx_word' id='word_1_208' title='bbox 422 3126 568 3207; x_wconf 88' lang='lat' dir='ltr'><strong>paroclms</strong></span> <span class='ocrx_word' id='word_1_209' title='bbox 599 3125 699 3189; x_wconf 89' lang='lat' dir='ltr'><strong>lacere</strong></span> <span class='ocrx_word' id='word_1_210' title='bbox 732 3143 793 3187; x_wconf 93' lang='lat' dir='ltr'><strong>non</strong></span> <span class='ocrx_word' id='word_1_211' title='bbox 824 3124 1039 3208; x_wconf 81' lang='lat' dir='ltr'><strong>aggrediatur,</strong></span> <span class='ocrx_word' id='word_1_212' title='bbox 1073 3128 1133 3186; x_wconf 90' lang='lat' dir='ltr'><strong>nisi</strong></span> <span class='ocrx_word' id='word_1_213' title='bbox 1168 3127 1252 3204; x_wconf 81' lang='lat' dir='ltr'><strong>prius</strong></span> <span class='ocrx_word' id='word_1_214' title='bbox 1290 3123 1329 3184; x_wconf 91' lang='lat' dir='ltr'><strong>de</strong></span> 
     </span>
     <span class='ocr_line' id='line_1_28' title="bbox 190 3222 1331 3313; baseline -0.006 -18"><span class='ocrx_word' id='word_1_215' title='bbox 190 3237 346 3313; x_wconf 90' lang='lat' dir='ltr'><strong>utriusque</strong></span> <span class='ocrx_word' id='word_1_216' title='bbox 368 3230 569 3292; x_wconf 85' lang='lat' dir='ltr'><strong>contrahentis</strong></span> <span class='ocrx_word' id='word_1_217' title='bbox 592 3229 687 3291; x_wconf 90' lang='lat' dir='ltr'><strong>libero</strong></span> <span class='ocrx_word' id='word_1_218' title='bbox 710 3245 859 3290; x_wconf 89' lang='lat' dir='ltr'><strong>consensu</strong></span> <span class='ocrx_word' id='word_1_219' title='bbox 882 3227 937 3291; x_wconf 88' lang='lat' dir='ltr'><strong>sibi</strong></span> <span class='ocrx_word' id='word_1_220' title='bbox 962 3227 1039 3289; x_wconf 87' lang='lat' dir='ltr'><strong>bene</strong></span> <span class='ocrx_word' id='word_1_221' title='bbox 1062 3222 1224 3304; x_wconf 52' lang='lat' dir='ltr'><strong>conulem),</strong></span> <span class='ocrx_word' id='word_1_222' title='bbox 1264 3226 1331 3288; x_wconf 87' lang='lat' dir='ltr'><strong>De-</strong></span> 
     </span>
     <span class='ocr_line' id='line_1_29' title="bbox 187 3329 1332 3408; baseline -0.004 -10"><span class='ocrx_word' id='word_1_223' title='bbox 187 3338 392 3408; x_wconf 80' lang='lat' dir='ltr'><strong>nuntiationes</strong></span> <span class='ocrx_word' id='word_1_224' title='bbox 423 3339 524 3398; x_wconf 85' lang='lat' dir='ltr'><strong>autem</strong></span> <span class='ocrx_word' id='word_1_225' title='bbox 553 3333 624 3396; x_wconf 83' lang='lat' dir='ltr'><strong>liant</strong></span> <span class='ocrx_word' id='word_1_226' title='bbox 654 3330 712 3394; x_wconf 92' lang='lat' dir='ltr'><strong>hoc</strong></span> <span class='ocrx_word' id='word_1_227' title='bbox 734 3330 840 3396; x_wconf 82' lang='lat' dir='ltr'><strong>modo:</strong></span> <span class='ocrx_word' id='word_1_228' title='bbox 885 3336 964 3392; x_wconf 86' lang='lat' dir='ltr'><strong>inter</strong></span> <span class='ocrx_word' id='word_1_229' title='bbox 994 3329 1153 3394; x_wconf 87' lang='lat' dir='ltr'><strong>llissarum</strong></span> <span class='ocrx_word' id='word_1_230' title='bbox 1180 3331 1332 3396; x_wconf 86' lang='lat' dir='ltr'><strong>solemnia</strong></span> 
     </span>
     <span class='ocr_line' id='line_1_30' title="bbox 187 3431 1332 3522; baseline -0.012 -15"><span class='ocrx_word' id='word_1_231' title='bbox 187 3438 340 3522; x_wconf 82' lang='lat' dir='ltr'><strong>‚parochus</strong></span> <span class='ocrx_word' id='word_1_232' title='bbox 351 3438 502 3518; x_wconf 85' lang='lat' dir='ltr'><strong>populum</strong></span> <span class='ocrx_word' id='word_1_233' title='bbox 521 3437 681 3501; x_wconf 87' lang='lat' dir='ltr'><strong>admoneat</strong></span> <span class='ocrx_word' id='word_1_234' title='bbox 695 3439 737 3502; x_wconf 86' lang='lat' dir='ltr'><strong>¹in</strong></span> <span class='ocrx_word' id='word_1_235' title='bbox 748 3431 824 3498; x_wconf 89' lang='lat' dir='ltr'><strong>hauc</strong></span> <span class='ocrx_word' id='word_1_236' title='bbox 846 3438 1026 3498; x_wconf 89' lang='lat' dir='ltr'><strong>sententiam</strong></span> <span class='ocrx_word' id='word_1_237' title='bbox 1041 3433 1158 3516; x_wconf 80' lang='lat' dir='ltr'><strong>volgari</strong></span> <span class='ocrx_word' id='word_1_238' title='bbox 1169 3451 1332 3498; x_wconf 86' lang='lat' dir='ltr'><strong>sermone:</strong></span> 
     </span>
    </p>
   </div>
   <div class='ocr_carea' id='block_1_8' title="bbox 186 3699 973 4028">
    <p class='ocr_par' dir='ltr' id='par_1_9' title="bbox 186 3699 973 3942">
     <span class='ocr_line' id='line_1_31' title="bbox 222 3699 973 3770; baseline -0.012 -14"><span class='ocrx_word' id='word_1_239' title='bbox 222 3703 245 3770; x_wconf 79' lang='lat'><strong>¹)</strong></span> <span class='ocrx_word' id='word_1_240' title='bbox 262 3702 360 3770; x_wconf 85' lang='lat' dir='ltr'><strong>llnepp.</strong></span> <span class='ocrx_word' id='word_1_241' title='bbox 380 3717 404 3768; x_wconf 82' lang='lat' dir='ltr'><strong>p.</strong></span> <span class='ocrx_word' id='word_1_242' title='bbox 422 3700 481 3756; x_wconf 80' lang='lat' dir='ltr'><strong>tm.</strong></span> <span class='ocrx_word' id='word_1_243' title='bbox 500 3699 561 3758; x_wconf 76' lang='lat' dir='ltr'><strong>luat.</strong></span> <span class='ocrx_word' id='word_1_244' title='bbox 578 3709 643 3768; x_wconf 80' lang='lat' dir='ltr'><strong>past.</strong></span> <span class='ocrx_word' id='word_1_245' title='bbox 660 3699 731 3768; x_wconf 66' lang='lat' dir='ltr'><strong>Erat.</strong></span> <span class='ocrx_word' id='word_1_246' title='bbox 751 3716 775 3767; x_wconf 88' lang='lat' dir='ltr'><strong>p.</strong></span> <span class='ocrx_word' id='word_1_247' title='bbox 795 3699 853 3754; x_wconf 76' lang='lat'><strong>³52.</strong></span> <span class='ocrx_word' id='word_1_248' title='bbox 970 3739 973 3742; x_wconf 97' lang='lat'><strong>.</strong></span> 
     </span>
     <span class='ocr_line' id='line_1_32' title="bbox 186 3787 496 3857; baseline -0.026 -9"><span class='ocrx_word' id='word_1_249' title='bbox 186 3841 189 3848; x_wconf 89' lang='grc'>.</span> <span class='ocrx_word' id='word_1_250' title='bbox 219 3792 243 3856; x_wconf 76' lang='grc' dir='ltr'><strong>Ἷ</strong></span> <span class='ocrx_word' id='word_1_251' title='bbox 261 3787 393 3857; x_wconf 72' lang='lat' dir='ltr'><strong>liartuger.</strong></span> <span class='ocrx_word' id='word_1_252' title='bbox 412 3803 435 3855; x_wconf 85' lang='lat' dir='ltr'><strong>p.</strong></span> <span class='ocrx_word' id='word_1_253' title='bbox 455 3787 496 3840; x_wconf 90' lang='grc'><strong>90.</strong></span> 
     </span>
     <span class='ocr_line' id='line_1_33' title="bbox 187 3868 868 3942; baseline -0.018 -11"><span class='ocrx_word' id='word_1_254' title='bbox 187 3929 191 3942; x_wconf 85' lang='grc'>,</span> <span class='ocrx_word' id='word_1_255' title='bbox 221 3876 244 3942; x_wconf 82' lang='lat'><strong>³)</strong></span> <span class='ocrx_word' id='word_1_256' title='bbox 262 3872 353 3929; x_wconf 79' lang='lat' dir='ltr'><strong>llitual.</strong></span> <span class='ocrx_word' id='word_1_257' title='bbox 370 3874 441 3926; x_wconf 79' lang='lat' dir='ltr'><strong>Rom.</strong></span> <span class='ocrx_word' id='word_1_258' title='bbox 460 3876 496 3927; x_wconf 90' lang='lat' dir='ltr'><strong>tit.</strong></span> <span class='ocrx_word' id='word_1_259' title='bbox 515 3881 597 3937; x_wconf 68' lang='lat' dir='ltr'><strong>matr„</strong></span> <span class='ocrx_word' id='word_1_260' title='bbox 615 3872 673 3932; x_wconf 78' lang='lat' dir='ltr'><strong>ride</strong></span> <span class='ocrx_word' id='word_1_261' title='bbox 690 3887 766 3942; x_wconf 86' lang='lat' dir='ltr'><strong>supra</strong></span> <span class='ocrx_word' id='word_1_262' title='bbox 783 3873 809 3937; x_wconf 75' lang='lat' dir='ltr'><strong>s.</strong></span> <span class='ocrx_word' id='word_1_263' title='bbox 828 3868 868 3920; x_wconf 73' lang='lat' dir='ltr'><strong>il.</strong></span> 
     </span>
    </p>

    <p class='ocr_par' dir='ltr' id='par_1_10' title="bbox 204 3947 550 4028">
     <span class='ocr_line' id='line_1_34' title="bbox 204 3947 550 4028; baseline -0.009 -15"><span class='ocrx_word' id='word_1_264' title='bbox 204 3949 246 4028; x_wconf 55' lang='grc' dir='ltr'><strong>Ι’0)</strong></span> <span class='ocrx_word' id='word_1_265' title='bbox 264 3961 309 4013; x_wconf 76' lang='lat' dir='ltr'><strong>itit</strong></span> <span class='ocrx_word' id='word_1_266' title='bbox 329 3959 400 4012; x_wconf 80' lang='lat' dir='ltr'><strong>Rom.</strong></span> <span class='ocrx_word' id='word_1_267' title='bbox 419 3957 435 4011; x_wconf 93' lang='lat' dir='ltr'><strong>l.</strong></span> <span class='ocrx_word' id='word_1_268' title='bbox 454 3974 476 4011; x_wconf 86' lang='lat' dir='ltr'><strong>e.</strong></span> <span class='ocrx_word' id='word_1_269' title='bbox 546 3947 550 3953; x_wconf 39' lang='lat'>⁸</span> 
     </span>
    </p>
   </div>
   <div class='ocr_carea' id='block_1_9' title="bbox 0 0 1397 4664">
    <p class='ocr_par' dir='ltr' id='par_1_11' title="bbox 0 0 1397 4664">
     <span class='ocr_line' id='line_1_35' title="bbox 0 0 1397 4664; baseline 0 0"><span class='ocrx_word' id='word_1_270' title='bbox 0 0 1397 4664; x_wconf 95' lang='lat' dir='ltr'><strong> </strong></span> 
     </span>
    </p>
   </div>
  </div>
 </body>
</html>
