2758 4664
429 230 468 290 De
484 229 574 290 Canon
592 231 826 290 matrimonialibus.
1130 217 1195 288 227

88 395 129 473 2)
148 396 282 462 Arbitrio
303 395 435 479 delegati
457 393 626 458 oratoribus
658 398 829 474 imponatur
850 393 967 476 publica
1000 397 1196 476 manicatis,

149 516 227 582 quae
250 502 454 560 communitati
477 497 572 578 palam
594 502 778 576 innotescat,
801 497 915 578 absque
928 501 1039 584 'minen
1062 497 1122 560 ulla
1142 515 1198 562 so-

149 603 312 666 lemnitate.
356 601 543 664 Poenitcntia
575 608 695 681 paracta
720 603 923 682 juramentum
956 599 994 664 ab
1030 600 1199 664 oratoribus

149 709 292 789 exigitur,
316 704 395 784 quod
416 708 549 766 incestus
578 710 694 766 reatum
725 721 787 766 non
809 708 1045 784 perpetraverint
1067 703 1122 768 sub
1144 721 1199 786 spe

150 808 266 871 facilius
287 807 492 889 impetrandae
514 807 749 886 dispensationis
759 805 796 882 1).

90 908 127 987 3)
150 911 257 973 Gratis
286 914 408 972 omnisne
437 910 653 990 dispensatam
688 927 776 972 secus
805 927 867 972 non
890 914 1004 974 tantum
1037 913 1200 976 incurritur

148 1017 430 1091 excommunicatio,
452 1012 507 1074 sed
529 1017 652 1093 insuper
673 1013 866 1092 dispensatio
888 1008 1076 1088 irritatas-²).
1133 1001 1140 1015 '

73 1114 126 1194 ,4)
150 1116 241 1180 Hisce
256 1121 384 1198 peractis
406 1121 437 1178 et
450 1115 509 1178 lide
528 1133 582 1195 per
595 1115 715 1196 parochi
738 1120 941 1179 testimonium
958 1115 1088 1197 desuper
1108 1115 1197 1192 hoto,

148 1220 306 1282 devenitur
332 1219 370 1282 ad
399 1219 552 1282 decretum
584 1219 816 1298 dispensationis
837 1237 891 1299 per
920 1219 1035 1282 litteras
1065 1218 1198 1300 publicas

148 1321 390 1398 concedendum
419 1321 475 1384 hcc
496 1321 662 1400 decretum,
686 1327 718 1382 ut
740 1339 845 1402 supra,
869 1321 908 1385 ad
930 1327 996 1384 acta
1018 1320 1201 1403 parochialia

149 1425 355 1506 reponendum
378 1429 461 1486 etin
484 1425 561 1488 libro
583 1426 793 1488 matrimoniali
815 1425 1019 1490 annotandum
1042 1420 1138 1503 est³).

601 1602 607 1616 .
632 1551 651 1614 5
676 1601 684 1615 .

59 1659 113 1719 De
131 1657 450 1733 dispensationibus
469 1657 501 1719 S.
512 1551 803 1718 Poefriteitiariae
821 1671 884 1718 ssu
901 1657 940 1718 ln
957 1657 1033 1718 toro
1056 1657 1203 1719 interno.

149 1771 170 1835 l.
193 1767 223 1836 S.
246 1772 477 1836 Paenitentiaria
500 1789 652 1854 nunquam
675 1773 829 1854 dispensat
836 1819 846 1852 ,
876 1777 934 1836 nisi
957 1777 1091 1854 apposita
1114 1772 1201 1836 clau-

59 1873 138 1939 sula.
162 1875 355 1954 „Dummodo
371 1875 616 1956 impedimentum
638 1878 852 1954 siioccultnm,
876 1875 925 1938 vel
947 1877 1070 1939 omnino
1092 1877 1201 1938 occul-

59 1977 159 2039 tnm.“
188 1975 274 2057 llinc,
298 1997 337 2042 nc
360 1981 427 2059 quis
449 1983 540 2059 erret,
563 1997 600 2042 an
623 1996 721 2058 casus,
744 1977 783 2040 de
805 1997 865 2060 quo
882 1983 990 2064 agitur,
1015 1983 1055 2042 sit
1069 1979 1204 2042 occultus

59 2099 99 2142 an
123 2079 270 2162 publicus,
294 2080 382 2144 debet
404 2081 577 2160 advertere,
608 2085 730 2144 omnino
753 2082 902 2144 occultum
924 2099 964 2144 ex
992 2081 1071 2164 stylo
1093 2079 1204 2144 Poeni-

59 2187 220 2246 tenttariae
242 2183 300 2246 dici
323 2183 408 2263 illud,
432 2183 510 2265 quod
535 2203 552 2248 a
574 2189 694 2248 nominc
717 2189 824 2262 scitur,
858 2189 993 2266 (praeter
1015 2190 1151 2248 oratores
1173 2190 1204 2245 et

59 2285 308 2365 confessarium),
332 2288 483 2348 occultam
499 2305 583 2365 vero,
608 2288 687 2370 quod
710 2293 798 2349 atam
813 2291 915 2368 paucis
933 2293 1035 2367 scitur,
1058 2293 1204 2368 uinaque
1242 2311 1243 2315 ¹

59 2393 100 2451 sit
123 2385 281 2468 fumosam
302 2407 402 2472 neque
425 2389 632 2470 manifestum,
656 2409 755 2471 neque
778 2393 933 2453 notorium
956 2391 1026 2454 lacti
1047 2389 1097 2454 vel
1114 2391 1203 2472 juris.

149 2490 248 2556 Adest
269 2497 368 2556 autam

95 2591 133 2673 l)
157 2595 429 2676 scotoriensium,
455 2595 534 2678 quod
549 2613 605 2678 per
626 2601 731 2675 testea,
755 2603 835 2660 omni
860 2602 1039 2679 exceptione
1061 2597 1201 2680 majores,

149 2703 181 2761 ct
215 2701 302 2782 juxta
352 2705 544 2782 quantitatem
586 2696 683 2778 loci4)
729 2719 783 2781 per
813 2701 914 2782 plures
955 2707 1005 2764 aut
1044 2705 1203 2783 pauciores

133 2899 293 2952 pauperum,
311 2885 393 2956 qood,
420 2887 442 2936 si
460 2887 485 2936 io
503 2885 586 2951 priore
609 2892 721 2936 oratores
746 2885 864 2952 copulam
890 2893 949 2938 anta
966 2883 1075 2956 habitam
1094 2886 1121 2936 in
1138 2883 1204 2936 libro

132 2972 242 3040 supplici
257 2974 408 3039 aperuerint,
428 2971 584 3038 dispensatio
598 2986 649 3022 noo
663 2973 731 3022 irrita
741 2979 787 3035 est,
797 2972 888 3040 copula
901 2972 933 3024 de
942 2987 1009 3024 novo
1020 2970 1205 3042 subsequentes

133 3059 157 3108 si
176 3065 259 3110 autem
278 3066 335 3110 ante
353 3059 497 3128 petitionem
515 3072 566 3108 non
585 3055 719 3108 habuerint
737 3058 863 3125 copulam,
881 3057 924 3110 sed
943 3067 1051 3127 postea,
1071 3066 1205 3128 animuum

137 3142 307 3211 dispensetur,
325 3152 386 3195 tunc
404 3144 479 3194 etiam
499 3143 524 3193 in
543 3139 621 3192 lorma
640 3143 769 3192 communi
787 3145 939 3212 dispensatio
957 3147 1067 3197 vitiatur.

93 3229 118 3296 ¹)
136 3228 202 3280 lust.
221 3246 247 3296 p.
265 3227 335 3295 Eyst.
353 3228 369 3280 l.
388 3244 411 3280 c.
447 3227 570 3296 llaringer
595 3245 619 3296 p.
643 3229 702 3281 296.
738 3229 856 3282 Oratores
879 3232 983 3297 insuper
1004 3233 1025 3282 si
1048 3246 1079 3282 ex
1102 3229 1205 3297 propria

135 3331 214 3367 causa
232 3315 411 3382 cognoverint,
437 3312 472 3364 ob
490 3315 606 3381 copulam
628 3314 742 3366 habitam
761 3316 935 3384 dispensatum
959 3317 1037 3367 luisse
1059 3333 1116 3368 cum
1134 3317 1205 3382 ipsis,

134 3399 345 3462 conjuramento
363 3409 422 3452 sunt
439 3400 581 3470 obligandi,
606 3418 638 3452 ne
657 3401 713 3454 aliis
731 3401 779 3454 hoc
802 3417 913 3472 unquam
937 3403 1068 3468 aperiant,
1094 3410 1138 3454 aut
1155 3401 1205 3453 tals

136 3486 269 3539 consilium
288 3487 356 3538 dent.

95 3573 120 3641 ²)
137 3571 279 3642 Schmalrg.
297 3571 314 3624 i.
333 3588 355 3623 c.
373 3587 398 3622 n.
417 3570 475 3622 tit.

94 3656 118 3725 ¹)
137 3657 200 3710 lnst.
218 3674 243 3725 p.
260 3655 331 3722 Epst.
349 3655 366 3706 l.
385 3672 407 3706 c.
426 3653 529 3708 Gerrad.
548 3655 590 3708 lib.
608 3655 674 3710 Vlll.
692 3674 715 3710 c.
734 3657 758 3707 6.

95 3743 120 3811 ⁴)
139 3741 190 3794 Res
209 3741 292 3793 adhuc
309 3751 346 3793 est
363 3740 474 3804 occulta,
500 3743 520 3792 si
538 3757 578 3792 res
596 3749 654 3794 nota
673 3743 703 3792 sit
726 3741 824 3792 duobus
849 3740 889 3792 vel
913 3740 993 3792 tribus
1010 3741 1117 3808 alicujus
1140 3741 1203 3808 loci;

138 3831 198 3882 item
217 3831 238 3879 si
256 3829 366 3898 quinque
384 3826 424 3879 vcl
448 3843 491 3878 sex
509 3829 621 3893 personis
644 3829 670 3878 in
689 3827 773 3897 aliquo
796 3827 886 3895 oppido
908 3825 949 3878 vel
972 3837 1069 3897 septem
1087 3836 1131 3889 aut
1147 3836 1204 3880 octo

138 3917 290 3966 incivitate
316 3919 378 3965 nota
396 3913 434 3962 sit.
469 3911 598 3965 Benedict.
622 3911 686 3966 xiv.
704 3915 765 3966 lnst.
789 3915 831 3966 87.
855 3911 967 3966 Strictior
991 3915 1065 3984 igitur
1089 3917 1116 3966 in
1139 3915 1204 3983 stylo

139 3997 165 4053 S.
183 3998 281 4051 Pcenit
300 4013 348 4052 vox
365 3997 529 4064 „occultoru“
547 3997 669 4053 sumenda
687 4007 734 4065 est,
752 4016 827 4070 quam
844 4003 1009 4060 communiter
1026 4002 1138 4073 sumitur.

1014 4083 1074 4153 15*
