2764 4664
435 304 475 357 oe
492 304 669 358 celebratione
688 305 846 374 Nuptiarum.

565 528 614 596 .§.
638 518 688 586 68.

121 670 173 729 De
192 667 389 728 necessario
407 668 927 817 wmffliffiffimm
944 671 983 730 ln
999 669 1159 732 dooutna

539 771 558 814 o
616 772 633 815 s

160 917 183 979 l.
206 915 323 980 Ilituale
346 915 526 995 Romanum,
557 917 594 980 de
616 923 653 982 iis
676 921 815 1000 loquens,
847 923 897 1001 qui
921 919 1109 982 matrimonio
1138 923 1208 983 sunl

67 1019 232 1106 jungendi,
262 1024 318 1084 ait:
353 1017 511 1100 ,Uterque
534 1023 613 1082 sciat
636 1019 810 1085 rudimento
832 1021 919 1100 fidei,
950 1041 1019 1082 cam
1041 1041 1078 1085 eo
1100 1020 1209 1085 deinde

69 1125 153 1203 filios
184 1143 259 1204 eoos
290 1123 400 1184 docere
429 1123 592 1184 debeant.“
636 1123 664 1188 S.
695 1125 819 1189 Carolus
849 1131 881 1188 io
913 1125 1002 1188 Cone.
1030 1123 1208 1189 Provinciall

70 1225 286 1291 Mediolanensi
301 1223 335 1290 V.
350 1223 426 1288 haec
441 1229 555 1288 statuit:
581 1225 765 1308 „Parcehus,
789 1247 864 1309 quos
879 1245 1005 1310 sponsos
1023 1227 1208 1310 experiundo

71 1331 180 1394 viderit
197 1329 349 1391 doctrinae
372 1327 550 1390 christianae
574 1328 741 1391 rudimenta
761 1331 850 1413 plane
866 1333 1017 1412 ignorare,
1043 1349 1081 1394 ne
1101 1335 1209 1394 mairi-

72 1438 177 1499 rnonio
199 1433 266 1494 illos
284 1435 353 1493 aute
371 1431 490 1514 jungat,
515 1451 602 1512 quana
627 1451 662 1494 ea
680 1437 751 1495 item
769 1437 885 1497 ratione
899 1437 1043 1517 cognovit
1057 1432 1209 1512 didicisse,

70 1558 150 1620 puae
173 1556 209 1599 eo
231 1535 268 1596 de
289 1553 400 1614 periere
422 1535 492 1595 illos
514 1535 608 1615 plaiae
637 1539 718 1597 scire
741 1539 894 1618 oportet.“
937 1533 1018 1598 ldcrn
1041 1532 1209 1600 statuerunt

70 1641 322 1724 quamplurimae
345 1637 421 1698 aliae
444 1637 561 1719 synodi.
595 1635 629 1700 ln
652 1643 890 1724 congregatione
912 1637 1010 1702 hahita
1032 1657 1133 1704 coram
1154 1639 1210 1704 ln-

71 1749 193 1808 nocent.
216 1740 281 1803 Xll.
305 1759 329 1803 a.
357 1736 438 1804 1697
462 1737 617 1803 decretum
641 1747 704 1820 est,
728 1762 791 1806 non
813 1760 881 1805 esse
904 1763 920 1806 a
943 1741 1080 1824 parochis
1102 1748 1210 1806 matri-

70 1851 205 1910 monium
229 1847 259 1906 in
271 1843 407 1906 Ecclesia
430 1844 683 1924 proclamandum,
708 1849 765 1907 nisi
789 1851 874 1908 antea
897 1843 1031 1926 sponsos
1040 1849 1210 1932 repererint

65 1941 100 2012 ’111
125 1948 311 2012 Christianae
334 1946 490 2030 religionis
513 1945 688 2009 rudimentis
711 1947 895 2010 sullicientcr
916 1951 1095 2028 instructos,
1129 1945 1210 2036 quod

70 2051 195 2134 quidem
218 2049 371 2112 decretum
395 2047 600 2112 confirmatura
625 2049 680 2111 luit
698 2069 714 2112 a
732 2049 884 2112 Clemente
897 2049 947 2116 Xl.
958 2049 983 2128 ¹)
997 2051 1097 2114 -Ac
1119 2051 1210 2114 deni-

69 2173 130 2234 que
154 2151 306 2214 Benedict.
329 2151 404 2215 XlV.
428 2155 459 2212 in
483 2153 636 2232 encyclica
660 2153 782 2234 epistola
806 2153 842 2216 ad
865 2159 1023 2218 universos
1054 2135 1210 2236 episcopos

68 2256 148 2320 haec
170 2259 303 2336 scripsit:
339 2253 488 2334 „Verona
520 2273 587 2317 curn
613 2260 799 2319 matrimonio
825 2255 974 2341 jungendi
996 2275 1058 2319 non
1080 2262 1155 2338 sint,
1184 2262 1210 2320 si
1261 2323 1263 2326 .

69 2357 231 2442 parochus,
254 2365 288 2418 at
304 2357 400 2434 debet,
425 2359 733 2440 priusinterrcgaudo
756 2357 996 2441 deprehenderit,
1020 2379 1133 2423 marem
1156 2341 1211 2424 seu

71 2465 227 2538 lerninanr,
252 2478 330 2541 quae
352 2460 388 2521 ad
411 2459 535 2521 salutern
561 2465 729 2523 necessaria
745 2468 824 2537 sunt,
846 2459 1003 2547 ignorare3
1025 2465 1077 2524 vix
1099 2467 1209 2543 lautae,

69 2587 105 2631 ac
139 2571 198 2626 tarn
233 2565 389 2627 luctuosae
416 2567 607 2646 ignorantiae
644 2565 741 2626 locum
773 2565 922 2646 relinquet
953 2570 1126 2646 episeopus,
1159 2569 1210 2645 qui

69 2676 211 2752 pastores
234 2669 398 2732 animarum
414 2663 571 2728 admoueat
587 2665 677 2730 cilicii
701 2671 758 2746 sui,
782 2670 821 2745 et,
846 2665 916 2732 huic
933 2672 958 2731 si
976 2667 1085 2748 desint,
1109 2667 1212 2752 negli-

70 2779 200 2856 gentiae
213 2774 328 2851 repetat
341 2770 488 2848 poenas.“
495 2766 522 2842 ²)
545 2769 719 2852 Episcopus,
744 2769 841 2834 taliter
863 2789 969 2854 ageas,
993 2771 1107 2834 nullum
1129 2773 1212 2853 ponit

68 2877 108 2939 de
132 2891 215 2938 novo
236 2871 492 2954 impedimentum,
518 2871 570 2933 sed
593 2872 665 2934 illud
681 2874 820 2954 explicat,
844 2879 875 2936 et
895 2874 1036 2952 inculcat,
1060 2891 1120 2955 quo
1135 2891 1212 2938 oon-

68 2979 227 3042 trahentes
244 2976 305 3057 jara
329 2991 369 3035 ex
387 2975 457 3056 jure
479 2973 581 3038 divino
603 2975 791 3052 delineatum
814 2981 894 3038 enirn
910 2993 995 3056 vero,
1018 2993 1086 3040 euru
1104 2981 1225 3040 aratri--

69 3085 210 3144 monium
240 3083 319 3140 inter
349 3076 453 3140 fideles
482 3095 573 3139 unuin
601 3083 639 3140 sit
663 3097 702 3140 ex
731 3087 846 3161 septem
876 3095 973 3141 novae
1001 3077 1080 3163 legis
1102 3077 1213 3145 Sacra-

70 3189 196 3262 mentis,
221 3185 310 3263 alque
334 3199 351 3242 e
375 3197 500 3242 numero
523 3198 641 3258 eorum,
667 3200 744 3262 quae
767 3181 906 3244 dicuntur
928 3181 1089 3258 vivorum
1111 3200 1210 3261 nemo,

69 3293 139 3352 sinc
164 3289 249 3367 gravi
273 3285 443 3366 sacrilegio,
467 3281 539 3345 illud
554 3283 709 3346 celebrare
733 3291 830 3365 potest
851 3291 883 3350 in
901 3292 979 3350 statu
994 3289 1109 3368 peccati
1127 3302 1213 3349 anor·

70 3391 159 3468 talis,
185 3406 242 3450 neo
264 3386 410 3468 parochus
433 3386 514 3447 licite
536 3386 634 3449 eidem
657 3391 848 3451 rnatrirnonio
871 3391 992 3451 assistit.
1034 3387 1091 3460 Oui
1113 3392 1212 3450 aulem

66 3493 144 3557 fidei
167 3489 336 3554 rudimenta
363 3493 496 3573 ignorat,
526 3506 603 3570 qaae
626 3508 665 3550 ex
688 3495 773 3573 gravi
796 3495 954 3572 praecepto
980 3493 1060 3552 seire
1082 3495 1213 3568 tenetur,

72 3595 220 3682 quarndiu
242 3593 292 3657 illa
314 3611 375 3656 nou
397 3593 533 3670 addiscit,
558 3609 625 3653 oum
650 3597 761 3672 potcst3
784 3597 923 3656 versatur
943 3595 974 3653 in
997 3595 1075 3654 statu
1097 3595 1214 3672 peccati

70 3699 222 3777 mortalis,
246 3715 281 3758 ae
303 3701 460 3778 propterea
480 3695 549 3776 jure
572 3713 606 3756 ac
628 3699 736 3757 merito
759 3715 775 3757 a
798 3697 987 3756 matrimonio
1010 3691 1214 3757 contrahendo

66 3809 205 3878 arcetur.
252 3799 325 3862 Cura
347 3804 447 3862 autern
471 3817 578 3862 ornnes
601 3817 661 3862 non
684 3798 780 3861 solurn
804 3802 835 3860 in
856 3797 1023 3878 Episcopo,
1044 3795 1100 3863 sed
1123 3801 1213 3886 etlam
1315 3865 1319 3872 ¹

72 3939 285 3950 —..-..----

100 4008 125 4074 ¹)
144 4003 240 4058 Baned.
259 4003 323 4056 xiv.
341 4019 395 4070 spu.
416 4002 496 4054 dioec.
516 4001 559 4053 lih.
579 4003 603 4052 8.
622 4018 644 4052 c.
665 4002 703 4054 ll.
722 4018 747 4053 o.
766 4002 790 4054 3.

83 4096 124 4161 ,1)
143 4092 223 4162 Epist.
242 4091 285 4153 ⁴2·
303 4092 330 4141 in
348 4088 459 4174 Baliario
478 4087 572 4140 Bened.
590 4086 654 4140 xil.
673 4090 698 4151 S.
719 4087 758 4140 11.

948 4170 1007 4234 tt·
