2764 4664
432 272 470 327 lls
487 273 662 331 celebratione
680 277 836 348 Nuptiarum.
1136 265 1198 331 27!

150 429 239 514 „qu
261 432 414 515 conjungo
436 447 490 495 vos
519 437 551 495 in
582 438 818 513 matrimonium,
849 441 880 498 in
910 441 1030 501 nomine
1052 436 1148 500 Patris
1168 441 1201 518 ἡ

63 538 94 592 et
115 532 194 611 lilii,
216 539 249 594 et
271 533 398 614 Spiritus
422 535 532 598 Sancti.
567 536 706 615 Amori)

151 635 207 699 Vel
229 637 295 699 aliis
323 644 421 700 utatur
444 640 543 702 verbis
566 642 653 722 juxta
684 647 837 722 receptum
866 645 1102 724 uniuscujusque
1122 643 1201 710 rm»

63 745 185 803 vinciae
207 745 305 805 ritum.
350 741 455 806 Postea
479 761 532 807 cos
555 750 695 828 aspergat
717 763 793 826 aqua
816 745 986 808 benedicta:
1011 765 1081 810 mox
1103 747 1201 809 bene-

62 843 145 907 dicat
167 847 318 908 annulum.
1184 857 1187 864 ’

151 950 200 1014 lll.
225 950 397 1014 Benedictio
420 949 569 1026 annuh2).

84 1050 120 1124 ti.
150 1053 340 1135 Adjutorium
363 1061 498 1117 nostrum
521 1060 551 1114 in
575 1057 696 1116 nornine
719 1055 847 1118 Domini.

85 1165 118 1238 ip.
152 1157 208 1231 Oui
232 1158 302 1220 iecit
324 1157 441 1220 coelum
465 1164 494 1218 ct
517 1163 636 1248 terram.

84 1257 118 1331 ti.
153 1262 281 1324 Domine
302 1261 409 1322 exaudi
433 1266 598 1324 orationem
622 1279 727 1324 mecm.

83 1371 118 1446 ip.
150 1363 186 1426 Et
208 1365 320 1428 clamor
342 1382 426 1428 meus
448 1365 486 1427 ad
509 1371 538 1427 te
561 1369 671 1428 veniat.

82 1464 118 1538 u.
150 1468 296 1530 Dominus
319 1472 482 1530 vociscum.

83 1581 119 1654 ip.
150 1571 186 1634 Et
209 1590 276 1634 cum
299 1575 404 1651 spiritu
427 1577 486 1658 tuo.

562 1675 699 1740 Oremus.

151 1777 283 1840 Benedic
305 1781 343 1856 †,
367 1779 506 1858 Domine,
530 1780 672 1841 annulum
695 1777 792 1858 hunc,
814 1797 906 1860 quem
930 1799 984 1844 nos
1007 1785 1037 1844 ln
1061 1787 1111 1846 tuo
1134 1782 1200 1848 No·

59 1886 145 1944 mine
168 1881 371 1947 benedicimus
394 1885 424 1960 i,
449 1887 497 1956 ut,
520 1874 597 1962 quae
626 1901 694 1945 cum
717 1887 892 1968 gestaverit,
917 1883 1088 1948 fidelitatem
1117 1891 1200 1949 init·

131 2085 220 2146 „Deus
237 2085 373 2147 Abraham,
392 2086 459 2138 Deris
478 2087 548 2137 Isaac
571 2095 596 2138 et
615 2086 680 2138 Deus
698 2086 777 2138 Jacob
795 2087 926 2140 vobiscum
945 2091 992 2148 sit,
1020 2099 1044 2141 ct
1062 2092 1117 2158 ipsa
1134 2106 1199 2142 con·

129 2173 220 2242 jungat
236 2187 291 2235 vos,
310 2172 461 2240 impiamque
472 2172 671 2224 benedictionem
690 2189 760 2224 suam
780 2175 805 2223 in
816 2171 915 2225 vobis.“
943 2173 1014 2226 Hunc
1032 2177 1106 2226 ctiam
1122 2177 1199 2227 ritum

132 2261 203 2310 initio
222 2258 349 2310 Ecclesiae
367 2257 434 2324 apud
453 2256 608 2310 Christianos
626 2269 755 2311 servatum
767 2259 854 2322 fuisse,
873 2275 919 2310 nos
937 2259 1011 2311 docet
1023 2259 1198 2325 Tertullianus,

131 2348 156 2395 in
175 2343 230 2396 libr.
248 2345 279 2395 dc
298 2344 397 2396 veland.
414 2345 479 2412 Virg.
498 2353 523 2396 et
541 2345 675 2414 Gregorius
685 2345 842 2398 llariaaenus
861 2348 886 2396 in
906 2361 945 2414 cp.
964 2347 1005 2397 57.
1024 2346 1054 2397 ad
1067 2347 1199 2413 Anysium,
1256 2335 1257 2339 ¹

132 2439 157 2481 et
181 2433 283 2500 antiqua
303 2430 408 2481 llitualia
432 2433 543 2482 omnia“.
562 2431 670 2483 Fornics'
686 2431 701 2482 l.
721 2449 743 2483 c.
778 2433 826 2494 „ln
845 2431 1045 2483 Sacramentario
1062 2431 1200 2485 (ielusisno

130 2523 156 2566 et
174 2515 301 2567 Gallicano
320 2516 395 2581 hujus
419 2518 481 2567 ritus
506 2515 575 2568 nulla
599 2519 692 2569 mentio
717 2518 759 2583 iit;
785 2517 844 2570 hinc
867 2520 895 2568 in
913 2517 1027 2570 Ecclesia
1045 2515 1201 2570 Occidentall

130 2617 182 2652 non
201 2604 226 2652 in
245 2615 292 2652 usu
312 2602 388 2653 inisse
407 2602 506 2654 videtur
524 2611 582 2654 aute
600 2603 728 2656 saeculum
746 2619 848 2655 nonum.
867 2632 901 2641 -
927 2603 1027 2671 Sponsa
1045 2604 1088 2656 dat
1106 2604 1199 2656 nudam

130 2705 249 2751 eranum,
278 2689 298 2739 si
324 2691 355 2738 sit
381 2690 467 2756 virgo,
488 2697 634 2755 coopertam
658 2693 678 2741 si
706 2691 739 2741 sit
762 2675 867 2742 νίἀιιειῖιι
904 2688 989 2742 Codex
1013 2689 1103 2744 Victor.
1130 2688 1199 2757 epod

129 2773 249 2826 llartene.
284 2773 373 2826 Flucls.
391 2773 408 2824 l.
426 2791 447 2825 c.
467 2791 491 2842 p.
510 2775 567 2826 339.

83 2862 108 2927 ¹)
128 2859 240 2912 Mastane
264 2860 296 2911 (le
318 2861 394 2930 antiq.
421 2860 482 2912 eccl.
506 2869 553 2911 ret.
581 2860 622 2912 lib.
641 2861 658 2912 l.
688 2877 709 2913 c.
729 2861 753 2912 9.
772 2877 794 2914 a.
813 2863 836 2915 3.
861 2879 886 2915 n.
911 2863 935 2914 6.
963 2861 1035 2913 dicit:
1066 2860 1199 2924 ..lnaudits

129 2947 189 2997 olim
209 2954 280 2998 erant
296 2945 338 2998 illa
356 2946 434 2998 uerba
459 2945 576 3014 parochi:
604 2945 678 3016 „ligo
695 2963 742 2999 vos
762 2947 889 3017 conjungo
915 2951 940 2998 in
965 2953 1037 2999 matr.
1056 2954 1102 2998 etc.
1120 2974 1155 2984 —
1172 2947 1199 2998 in

128 3033 222 3102 quibus
250 3033 324 3102 aliqui
356 3049 386 3083 cx
414 3032 595 3083 recentioribus
622 3033 776 3085 scholasticis
806 3033 913 3085 formam
943 3033 1018 3098 hujus
1042 3032 1200 3084 sacramenti

128 3119 300 3182 constituant,
321 3133 386 3187 quse
404 3125 487 3168 tamen
506 3117 680 3170 desiderantur
697 3121 722 3170 in
742 3157 748 3170 .
767 3156 774 3169 .
793 3159 799 3172 .
817 3119 950 3171 ritualibus
975 3135 1054 3187 paene
1073 3117 1200 3182 omnibus,

127 3219 195 3273 quae
222 3221 236 3255 a
259 3202 335 3255 nobis
363 3211 452 3272 postea
479 3203 691 3256 exhibebuntur.“
733 3203 811 3255 Fluclr
837 3204 852 3256 l.
877 3220 899 3256 c.
924 3205 984 3259 sio.
1018 3203 1122 3256 llnsccis
1146 3203 1201 3256 talis
1246 3227 1248 3232 ’

127 3289 324 3342 confirmationis
341 3289 449 3341 ¹iormula
468 3291 571 3341 omnino
589 3299 627 3341 est
645 3291 782 3359 incognita.

82 3377 108 3443 ἵ)
128 3375 241 3441 llujusce
258 3376 344 3429 annuli
364 3391 423 3428 usus
442 3377 554 3429 meminit
569 3377 621 3440 jam
640 3375 757 3428 Clemens
776 3377 846 3429 Alex.
865 3377 892 3442 (†
911 3391 933 3429 c.
952 3393 1010 3428 ann.
1029 3377 1101 3441 22⁰.)
1136 3373 1201 3424 l’se·

127 3461 219 3532 dagog.
239 3462 281 3516 lib.
300 3465 324 3517 ³.
343 3481 364 3516 c.
384 3463 425 3516 ll.
443 3463 510 3528 „Dat
527 3479 588 3531 ergo
606 3463 669 3529 (uir)
688 3463 711 3514 ei
730 3463 850 3515 annulum
869 3477 983 3523 aureum,
1002 3475 1124 3513 neceam
1143 3456 1199 3528 qui'·

126 3549 186 3599 dem
206 3548 238 3600 ad
255 3557 384 3613 ornatum,
404 3550 447 3601 sed
465 3557 493 3600 ut
511 3565 540 3601 ca
558 3548 682 3617 obsignes
701 3563 766 3618 quac
784 3549 852 3602 domi
870 3548 946 3617 digna
965 3556 1037 3610 sunt,
1055 3561 1121 3616 quae
1138 3560 1199 3597 cus-

126 3635 266 3698 todiantur,
284 3645 417 3705 propterea
435 3635 501 3706 quod
520 3635 660 3687 servandac
677 3636 766 3686 domus
785 3633 816 3686 ad
835 3651 893 3686 eum
912 3649 973 3685 cura
991 3635 1127 3702 pertinet.“
1145 3629 1200 3682 An-

126 3721 213 3773 nollus
236 3735 296 3792 crgo
316 3723 387 3789 juxta
406 3721 542 3775 Clementis
568 3723 717 3774 sententiam
742 3720 817 3773 datur
842 3721 867 3771 in
891 3722 990 3788 signum
1016 3733 1091 3770 curse
1110 3716 1199 3768 domus

126 3822 173 3860 scu
191 3808 310 3870 familiae
329 3807 451 3878 siquidem
468 3807 578 3858 annulus
596 3807 652 3858 loco
670 3806 744 3875 sigilli
761 3805 936 3858 adhibebatur.
955 3835 989 3844 -
1006 3803 1199 3871 lsidorusllisp.

127 3893 161 3946 (le
178 3893 240 3946 eccl.
260 3893 301 3944 cll.
320 3892 362 3944 lib.
381 3894 412 3944 11.
431 3910 452 3944 c.
473 3895 513 3945 19.
532 3893 742 3964 significationem
761 3891 908 3959 hujusritus
927 3891 1089 3960 sice‘rponlt:
1109 3887 1199 3953 ..ouon

56 3963 87 3997 '⁸
124 3987 212 4032 sutem
238 3981 264 4030 in
290 3981 382 4047 nuptiis
406 3977 514 4031 annales
539 3995 555 4031 a
578 3992 671 4047 sponso
697 3991 807 4046 sponsae
830 3979 918 4044 (latur,
944 3977 969 4031 id
992 3975 1020 4030 llt
1037 3974 1079 4030 vel
1097 3957 1200 4044 propior

126 4055 232 4119 mutuae
250 4065 389 4119 dilectionis
408 4067 518 4136 signum,
542 4065 582 4118 vel
601 4073 703 4134 propter
726 4064 752 4116 id
770 4067 858 4136 magis,
882 4074 910 4117 ut
928 4065 975 4117 hoc
993 4065 1098 4134 pignore
1116 4061 1198 4114 eorda
