2746 4646
149 173 210 255 118
396 195 636 268 linimpdiimantin
653 197 839 249 matrimonium
858 195 1040 250 dirimentibus.

146 359 307 437 Pontificis,
332 377 410 436 cum,
435 363 467 419 ut
478 345 615 418 dlnimns¹
630 372 669 418 ex
686 357 834 418 sententia
848 350 1001 418 lienedimi
1012 353 1087 420 llll.
1112 354 1288 419 91817011-

147 467 343 550 gragationls‚
362 461 424 542 jam
437 459 756 540 stneinterpellationa
772 463 993 522 matrimonium
1012 459 1137 522 dissolri
1155 467 1289 541 nequeat

146 568 258 647 absque
280 566 518 644 dispensatione,
544 563 675 643 pluribus
698 568 798 622 tamen
821 581 888 624 cnm
910 561 1047 624 Sanciae
1070 563 1289 624 contradicen-

84 663 85 666 ’
147 671 225 733 tibus
237 669 271 744 ¹).
314 666 352 746 6)
374 665 500 739 Quando
530 673 629 728 nartem
662 679 730 748 pars
760 665 892 730 infidelis
916 682 975 726 nun
1005 667 1069 727 vult
1101 665 1286 745 cohabitare,

147 773 196 836 val
218 773 323 838 saltem
347 789 408 834 non
431 775 496 831 stne
525 771 704 834 contumelia
727 772 888 846 creatoris,
922 768 1002 830 nulla
1024 773 1189 850 requiritur
1211 787 1289 832 sen-

147 881 239 940 tentia
259 875 381 957 pulicis,
405 878 437 934 ut
457 877 552 953 possit
567 873 662 936 fidelis
686 875 906 934 matrimonium
923 871 1099 950 dissolvere,
1125 873 1163 936 ad
1186 872 1289 935 aliud-

147 997 205 1062 que
228 982 366 1052 transire,
390 975 468 1057 quod
491 981 608 1040 constat
629 993 668 1038 ex
691 995 716 1038 c.
736 975 864 1050 Quanto,
888 975 925 1036 de
948 975 1078 1038 divortio
1102 981 1133 1036 et
1155 995 1181 1040 e.
1203 975 1287 1038 final.
1333 991 1343 1004 ·

146 1075 196 1146 77.
221 1100 250 1163 q.
273 1080 303 1144 2.
327 1080 376 1141 ubi
406 1077 546 1159 habetur,
578 1079 761 1144 carrtumelia
784 1079 933 1140 Crantoris
949 1077 1007 1155 jus
1028 1079 1148 1142 salvare
1181 1083 1291 1142 matri-

147 1187 279 1248 monium
302 1188 381 1245 circa
404 1201 484 1258 euin,
509 1187 558 1264 qui
582 1184 759 1262 relinquitur
781 1180 893 1244 ethuie
916 1181 1043 1244 liberum
1062 1200 1131 1246 esse
1153 1183 1191 1245 ad
1215 1183 1290 1247 alias

147 1291 265 1370 nuptias
282 1281 457 1362 ·ttansire²).
502 1285 537 1359 7)
561 1283 623 1348 Nec
651 1292 770 1348 tenetur
793 1283 889 1347 fidelis
915 1285 1047 1346 habitare
1070 1302 1137 1348 cunr
1160 1286 1290 1367 infideli,

148 1395 282 1474 quamvis
304 1404 470 1452 conversus
490 1391 528 1452 ad
551 1389 640 1452 idem
665 1389 800 1470 copulam
822 1389 964 1451 labuerit
994 1407 1061 1450 curn
1086 1407 1123 1451 eo
1153 1390 1291 1473 conjuge

146 1493 275 1572 infideli,
310 1497 377 1574 quia
402 1493 560 1556 divortium
590 1511 651 1555 non
681 1491 768 1554 datur
797 1497 829 1554 ln
852 1492 987 1554 savorem
1021 1493 1159 1576 conjugis
1191 1493 1293 1554 fidelis

146 1600 250 1678 ipsius,
282 1595 336 1675 sed
364 1599 395 1657 in
415 1593 556 1674 savorem
581 1595 672 1677 fidei,
705 1614 793 1676 quam
825 1594 967 1674 dedecet,
999 1601 1031 1656 ut
1058 1597 1169 1678 conjux
1192 1595 1293 1658 fidelis

148 1704 286 1776 astrictus
303 1701 479 1782 sitconjugi
503 1699 615 1762 infideli
640 1703 699 1762 tam
723 1704 822 1762 arctae
838 1697 1060 1776 consuetudini,
1083 1717 1117 1762 ac
1140 1705 1188 1765 est
1211 1719 1292 1762 con-

145 1800 308 1888 jugalis³);
336 1822 371 1864 ac
394 1803 517 1884 proinde
543 1807 576 1864 in
598 1802 654 1866 hoc
683 1821 804 1884 quoquo
833 1819 921 1878 casu,
951 1800 1057 1882 copula
1081 1807 1148 1882 past
1170 1803 1293 1884 baptis-

148 1922 228 1969 mum
251 1905 348 1967 habita
372 1903 598 1984 nonobstante,
623 1906 775 1968 vinculum
807 1909 987 1966 matrimonii
1011 1903 1174 1984 dissolvi⁴t
1198 1924 1291 1986 posse

148 2007 275 2070 videtur.
923 2009 925 2018 “

173 2101 188 2196 ,’
209 2107 211 2114 “
236 2111 406 2190 Quaeritur
417 2107 467 2192 5⁰)
491 2132 561 2176 nurn
584 2111 706 2176 dissolvi
719 2115 812 2192 possit
835 2114 1066 2192 matrimonium,
1091 2111 1171 2192 quod
1194 2111 1295 2176 fidelis

149 2234 216 2284 curn
238 2213 351 2276 infideli
367 2221 523 2286 ,contraxit
545 2236 610 2280 cum
624 2215 847 2296 dispensatione
870 2219 901 2276 in
924 2214 1139 2296 impedimento
1156 2216 1292 2296 dispari-

149 2323 217 2382 tatis
240 2318 362 2380 cattus?
389 2337 390 2342 ¹

233 2428 266 2502 lit.
289 2426 438 2502 nepetino,
463 2426 576 2484 etiarnsi
601 2421 729 2484 infidelis
750 2420 825 2482 nolit
848 2423 915 2480 sinc
936 2422 1043 2500 injuria
1058 2419 1209 2484 donar-,ts
1234 2441 1293 2484 co-

147 2523 286 2590 habitare.
333 2511 417 2588 Ratio
442 2533 505 2600 est,
535 2529 603 2606 quia
622 2525 707 2603 juxta
732 2539 921 2585 communem
952 2525 1147 2602 sententiam,
1180 2531 1213 2588 ut
1237 2526 1292 2588 dt-

148 2611 246 2704 p'dmus
258 2615 439 2708 dissolvendi
451 2623 576 2691 facultas
594 2623 746 2690 vinculum
760 2629 937 2688 matrimonii
950 2625 986 2688 ab
996 2627 1141 2708 Apostolo
1161 2631 1169 2688 1
1187 2629 1255 2692 Gur.
1271 2629 1290 2692 7

148 2717 336 2814 pronuntiata
355 2734 553 2814 prindapiam
575 2738 621 2794 est
642 2749 660 2792 a
682 2729 798 2792 Christo
821 2730 949 2792 Domino
978 2735 1211 2804 concessurnin
1233 2731 1292 2808 sa-

147 2854 253 2900 narem
278 2836 352 2913 adai
384 2855 445 2916 pra
476 2837 731 2912 naamonoercis,
766 2851 822 2894 nec
845 2833 904 2909 ullo
929 2834 1016 2896 modo
1039 2833 1288 2912 extendipotest

149 2939 186 3002 ad
207 2937 286 2999 hunc
307 2955 419 3016 casum,
444 2957 512 3002 curn
535 2937 648 3015 idolis,
680 2935 882 2999 contrahendo
906 2955 972 2997 num
996 2935 1125 3012 infideli,
1157 2943 1292 3016 potuerit

148 3039 198 3102 illa
222 3039 297 3102 mala
321 3041 504 3120 praevidere,
530 3042 666 3122 adeoque
689 3040 746 3104 sihi
767 3043 913 3122 imputare
937 3035 1093 3115 debeat⁵t
1138 3037 1189 3102 An
1215 3060 1291 3104 vero

149 3161 282 3214 sunnnus
295 3143 430 3207 Pontifex
452 3141 614 3226 apostolica
637 3148 813 3208 auctoritate
836 3161 875 3216 ex
897 3147 995 3206 causis
1011 3146 1199 3227 gravissimis
1222 3145 1291 3208 dis-

148 3343 353 3355 m-

154 3489 157 3496 '
176 3481 197 3550 ¹)
216 3481 279 3533 Vide
297 3497 348 3532 aas.
367 3483 461 3532 citatos.
481 3481 601 3534 Sanchez.
621 3481 662 3534 lib.
682 3487 706 3535 7.
725 3481 790 3552 disp.
808 3481 848 3534 tt.
919 3462 920 3465 Ἴ

174 3569 197 3631 ²)
217 3568 336 3620 Sanehez.
356 3565 397 3618 lib.
417 3571 439 3618 i.
459 3567 520 3634 disp.
540 3569 579 3618 74.
600 3586 624 3620 n.
646 3567 684 3619 11.

151 3653 156 3658 ’
176 3655 338 3724 ³)'S'anchez.
358 3653 399 3704 lib.
419 3658 442 3706 7.
459 3655 522 3722 disp.
540 3656 577 3704 72.
599 3673 621 3706 n.
638 3655 662 3706 8.

152 3743 155 3751 '
176 3741 199 3808 ⁴)
215 3729 328 3792 Sancitez
347 3747 427 3790 tamen
447 3737 463 3790 l.
483 3747 509 3790 c.'
523 3739 643 3792 duntaxat
660 3741 769 3811 loquitur
787 3739 817 3790 de
836 3741 942 3792 divortio
960 3738 1044 3809 quoad
1062 3739 1290 3816 cohabitationem

195 3897 197 3902 Ι
219 3827 286 3877 unde
305 3817 367 3876 nihii
386 3826 417 3876 de
435 3825 483 3876 hoc
502 3834 595 3877 certam
621 3835 730 3878 statuere
749 3827 884 3890 audemus,
908 3825 977 3878 nullo
995 3827 1045 3878 alio
1068 3833 1188 3890 auctare,
1216 3843 1289 3898 quem

154 3897 192 3924 ”
218 3899 384 3981 legirrrus,‘'de
401 3911 449 3963 hac
464 3914 611 3978 quaestione
622 3923 720 3984 agente.

63 4043 64 4047 ,
152 4003 157 4014 “
178 3995 202 4066 ⁸)
220 3985 295 4050 tiana
313 3997 404 4050 tuest:
417 3975 540 4052 dc'tnatr.
558 4013 583 4052 n.
602 4002 643 4053 56.
