2742 4660
366 839 741 940 Traobaius
772 841 863 937 Π.
963 833 965 838 ’

185 1010 236 1096 be
267 1012 519 1123 impedimentis
554 1015 819 1126 impedientibus
850 1019 887 1102 in
918 1018 1046 1129 specie.

539 1215 563 1229 ν»
572 1217 609 1228 Μ
619 1219 688 1232 Λννν

587 1368 593 1381 .
613 1313 662 1380 13.

441 1324 611 1485 Notionses
628 1424 787 1500 praenlae.

130 1543 152 1604 l.
168 1541 381 1624 lmpedimenta
399 1545 602 1626 impedientia,
626 1545 733 1626 quibus
757 1546 941 1608 obstantibus
957 1549 1178 1610 matrimonium

46 1647 142 1708 valide
166 1647 307 1728 quidem,
335 1647 388 1708 sed
411 1653 544 1733 graviter
566 1647 669 1711 illicite
692 1654 799 1728 initur,
831 1655 900 1712 sunt
921 1650 1007 1734 leges
1030 1651 1181 1712 ecclesia-

45 1755 151 1828 sticae,
182 1753 214 1811 in
235 1749 315 1812 hunc
337 1748 426 1811 finem
449 1751 603 1827 conditae,
633 1757 665 1814 ut
692 1758 903 1816 removeantur
932 1759 962 1813 et
983 1759 1142 1815 arceantur
1163 1771 1180 1815 a

45 1852 235 1914 Sacramenta
266 1859 296 1914 et
329 1860 408 1916 statu
443 1857 624 1917 matrimonii
659 1855 862 1918 deformitates
897 1856 1058 1936 quaedam,
1092 1873 1180 1936 quae,

45 1961 180 2036 quamvis
202 1955 262 2040 legi
287 1957 410 2018 naturali
434 1963 483 2019 aut
497 1955 615 2020 divinae
633 1958 696 2040 jam
713 1963 773 2021 sint
795 1959 982 2040 aliquatenus
1000 1963 1179 2036 contrariae,

45 2077 103 2120 non
126 2065 239 2134 tamen,
262 2077 361 2140 neque
383 2079 436 2140 per
460 2077 509 2139 se,
536 2078 635 2142 neque
658 2061 809 2148 perlegis
833 2061 1053 2123 ecclesiasticae
1076 2059 1182 2140 dispo-

44 2167 200 2238 sitionem,
233 2167 453 2224 matrimonium
477 2167 593 2224 irritum
618 2163 759 2244 reddunt,
791 2163 844 2228 sed
867 2163 1007 2226 dunmxat
1035 2163 1180 2226 illicitum.

44 2265 118 2327 Hinc
140 2265 275 2328 Ecclesia
299 2271 388 2327 etiam
411 2269 441 2327 in
463 2264 509 2328 his
531 2265 760 2348 impedimentis,
785 2271 888 2330 stricte
910 2265 1077 2347 loquendo,
1108 2264 1181 2327 nibil

39 2373 111 2434 novi
136 2367 258 2450 quidem
287 2373 430 2452 praecipit
453 2373 503 2430 aut
526 2367 679 2450 probibet,
708 2369 762 2432 sed
784 2369 829 2449 id,
858 2367 937 2450 quod
961 2367 1011 2429 lex
1035 2351 1182 2430 ¹naturalis

44 2474 89 2534 vel
113 2473 217 2534 divina
238 2475 386 2547 insinuat,
415 2473 583 2534 distinctius
606 2470 724 2552 definit,
756 2479 845 2554 atque
869 2471 1080 2554 obligationem
1109 2469 1182 2532 illud

44 2574 221 2637 observandi
244 2575 314 2658 lege
336 2576 458 2656 speciali
481 2579 604 2660 gravius
627 2579 724 2658 urget.

127 2679 165 2742 ll.
189 2676 411 2754 Deformitates,
435 2697 509 2760 quas
523 2677 657 2740 Ecclesia
677 2675 725 2740 his
743 2677 963 2760 impedimentis
979 2675 1085 2738 tollere
1107 2678 1184 2736 niti-

43 2786 98 2858 tur,
123 2785 295 2844 consistunt
316 2785 421 2861 partim
444 2785 474 2844 in
492 2781 655 2843 violatione
674 2781 752 2862 juris
774 2781 875 2860 alieni,
899 2783 1039 2842 nimirum
1061 2777 1182 2862 quando

43 2889 265 2948 matrimonium
287 2888 380 2946 initur
408 2903 475 2947 cum
498 2885 661 2946 violatione
690 2883 872 2964 sponsalium
895 2883 944 2944 vel
965 2886 1045 2958 voti,
1074 2883 1182 2962 partlm

42 2993 69 3050 in
87 2988 212 3050 delectu
229 2987 345 3048 debitae
368 2985 615 3049 considerationis
638 3005 674 3049 ac
691 2991 810 3068 pietatis
831 2989 863 3048 in
878 2985 1056 3049 celebrando
1076 2989 1183 3048 matri-

43 3097 186 3168 monium,
209 3089 320 3171 idqnod
342 3089 440 3152 locum
460 3089 548 3152 habet
569 3094 600 3150 in
623 3093 810 3152 matrimonio
834 3095 969 3170 tempore
991 3089 1109 3169 feriato,
1125 3087 1183 3163 ,vel

42 3202 143 3258 contra
167 3197 292 3255 vetitum
313 3191 467 3254 Ecclesiae
495 3197 660 3256 contracto.
704 3191 796 3270 Hinc,
824 3195 992 3276 generatim
1020 3191 1095 3254 haec
1121 3195 1183 3253 lm-

43 3297 216 3377 pedimenta
239 3301 308 3357 sunt
329 3300 481 3371 instituta,
509 3301 542 3357 ut
565 3298 785 3359 matrimonium
808 3295 907 3377 juste,
937 3297 1126 3360 considerate
1148 3313 1183 3357 ac

43 3401 186 3484 religiose
208 3402 337 3460 ineatur.

125 3501 176 3566 lll.
210 3501 360 3564 Numerus
382 3501 501 3587 illorum
529 3500 601 3564 olim
628 3500 723 3582 major
745 3499 801 3562 fuit
829 3506 898 3562 ante
920 3499 1088 3563 Concilium
1110 3499 1182 3562 l'ri-

19 3605 213 3681 ·dantinum3
231 3607 319 3687 Juxta
342 3603 514 3666 hodiernam
538 3603 725 3684 disciplinam
747 3609 874 3684 quatuor
894 3608 1124 3682 enumerantur,
1149 3607 1183 3664 ut

43 3727 129 3790 supra
151 3710 373 3785 annotavimuS,
396 3709 505 3768 celeris
521 3723 574 3788 per
590 3707 837 3769 consuetudinem
854 3707 1029 3788 plerumque
1047 3704 1181 3788 legitime

13 3808 16 3812 ’
43 3811 204 3895 abrogatis.
250 3809 421 3873 Consultius
443 3813 522 3872 enim
543 3807 646 3872 habuit
667 3807 817 3888 Ecclesia,
840 3810 1038 3894 obligationes
1062 3825 1101 3870 ex
1122 3807 1182 3870 illis

44 3917 255 3990 provenientes
284 3916 469 3995 restringere
497 3911 534 3974 ad
565 3911 719 3976 evitandas
750 3913 816 3976 illas
847 3913 1070 3990 deformitates,
1095 3929 1182 3996 Aquae

43 4018 189 4102 gravioris
218 4021 289 4084 sunt
316 4019 476 4102 momenti,
509 4015 683 4106 rebnqueus
713 4021 848 4092 caetera,
880 4020 913 4077 ut
941 4011 1103 4080 honestum
1131 4012 1182 4082 dat
