2736 4660
104 157 168 230 406
580 173 772 230 incinctus.

139 421 169 486 t)
186 416 326 478 Litteras
342 410 595 474 moniales
612 410 656 470 de
671 410 793 486 juncto
810 408 961 484 legitime
977 407 1213 469 matrimonio.

191 552 256 637 Ego
278 550 355 615 inira
373 555 502 629 scriptus
514 548 626 612 llector
637 543 791 612 Ecclesiae
812 545 991 627 parochialis
1014 545 1071 608 loci
1085 545 1121 606 N.
1142 548 1245 610 Dioc-

106 662 148 721 ois
171 655 205 720 N.
235 655 324 717 fidem
354 651 432 716 lacio
461 670 496 714 ao
526 655 620 716 testor
642 649 677 714 N.
705 655 735 712 et
757 648 792 713 N.
821 649 1018 728 parochianos
1047 666 1132 711 meos
1164 669 1243 712 anno

106 759 267 822 millesimo
289 758 544 840 octingentesimo
567 803 574 818 .
598 801 605 818 .
630 799 639 817 .
663 797 669 812 .
699 755 841 814 mensis.
866 799 874 814 .
897 797 905 814 .
930 799 936 812 .
965 751 1015 814 die
1038 799 1046 816 .
1070 797 1077 812 .
1101 800 1109 815 .
1134 756 1246 814 matri-

105 865 237 926 monium
260 862 291 922 in
314 859 390 922 lacte
412 855 575 934 Ecclesiae,
599 859 787 934 servansque
810 853 967 916 servandis
986 859 1185 932 contraxisse,
1210 859 1246 917 ut

105 969 220 1028 constat
243 979 282 1024 ex
303 965 434 1046 registro
455 961 711 1022 matrimoniorum
733 953 868 1038 ejusdem
879 953 1033 1020 Ecclesiae
1052 955 1246 1038 parochialis.

179 1063 682 1156 'umanuac....ne...
1060 1083 1154 1148 un

167 1311 479 1421 littorariae
506 1343 847 1440 dispensationis
875 1339 922 1414 ah
950 1341 1168 1437 Episcopo

544 1483 799 1536 concessae.
827 1508 830 1519 ·

105 1652 134 1716 1)
147 1647 275 1708 Forma
285 1641 556 1720 impanationis
567 1655 673 1719 super
683 1643 1006 1706 denuntiationibus
1019 1641 1249 1704 matrimonii

623 1805 659 1870 N.
683 1803 719 1870 N.

235 1988 236 1992 ,
286 1927 341 1988 liei
364 1924 556 1988 Miserationo
582 1930 612 1986 et
633 1925 827 2008 Apostolicae
849 1927 935 1992 Sedis
959 1925 1058 1991 Gratia

560 2051 727 2136 Episcopus
750 2054 786 2117 N.

215 2178 324 2242 dilecto
347 2175 442 2242 Nobis
465 2185 496 2244 in
521 2175 640 2245 Christo
662 2175 698 2245 N.
721 2181 756 2246 N.
781 2181 907 2247 salutem
929 2187 961 2244 in
984 2179 1130 2244 Domino!

185 2331 279 2396 Justis
309 2331 346 2394 de
369 2337 468 2394 causis
497 2335 629 2398 animum
651 2329 792 2398 Nostrum
816 2334 1025 2411 moventibus,
1056 2331 1103 2396 his
1125 2332 1255 2396 Nostris

103 2435 214 2500 litteris
236 2433 408 2498 facultatem
430 2434 482 2495 tibi
506 2437 709 2514 concedimus,
738 2443 779 2510 ut,
806 2455 872 2499 cum
896 2437 1010 2498 nullum
1034 2455 1074 2497 ex
1095 2435 1255 2498 informa-

105 2538 238 2601 tionibus
270 2541 414 2600 oretenus
444 2543 570 2620 sumptis
601 2544 681 2602 inter
702 2537 738 2600 N.
762 2539 795 2602 N.
821 2545 851 2600 ot
872 2538 907 2602 N.
931 2539 965 2600 N
997 2540 1163 2622 legitimum
1187 2538 1254 2599 de-

100 2645 212 2703 tectum
242 2639 333 2702 luerit
361 2643 544 2702 matrimonii
574 2642 836 2723 impedimentum,
872 2658 925 2704 eos
956 2645 987 2702 in
1021 2645 1250 2703 matrimonium

102 2745 290 2826 conjungere
312 2743 426 2822 valeas,
448 2746 585 2806 remissis
608 2743 702 2806 tribus
724 2742 1008 2822 denuntiationibus,
1031 2745 1247 2824 praesentibus

101 2852 201 2910 tamen
224 2845 336 2920 tribus,
358 2844 408 2906 vel
430 2845 536 2907 saltem
559 2845 676 2908 duobus
700 2845 842 2923 testibus,
875 2851 1062 2926 servatisque
1085 2845 1251 2907 servandis

104 2949 228 3032 reliquis
247 2950 335 3032 juxta
359 2950 483 3014 sormam
507 2968 524 3012 a
547 2946 660 3010 Concil.
685 2948 817 3012 Trident.
842 2953 1065 3032 praescriptam.

185 3075 218 3138 ln
240 3090 368 3156 quorum
396 3076 485 3138 fidem
510 3081 683 3155 praesentes
711 3077 826 3138 litteras
849 3093 938 3140 manu
960 3075 1068 3140 Nostra
1091 3073 1239 3160 signatas,

101 3179 261 3264 sigilloque
284 3177 393 3243 Nostro
416 3184 555 3258 munitas,
580 3184 610 3240 et
631 3196 684 3258 per
700 3177 900 3240 secretarium
919 3177 1060 3240 Nostrum
1084 3177 1240 3257 subscrip-

101 3289 146 3346 ias
170 3285 290 3345 exarari
309 3282 464 3364 jussimus.

185 3407 292 3470 Datum
317 3457 482 3473 ......
625 3424 628 3430 ·
806 3435 811 3446 ·
941 3403 976 3470 N.
1005 3405 1040 3469 N.

275 3533 306 3598 L.
330 3529 361 3597 S.
876 3533 923 3596 De
945 3529 1084 3596 mandato

719 3635 824 3700 Nevfni
849 3642 879 3699 et
902 3637 1010 3700 lllustr.
1042 3638 1076 3701 D.
1100 3637 1247 3720 Episcopi

815 3734 851 3806 N.
873 3737 910 3804 N.
934 3737 1130 3805 Secreta'rius
