<?xml version="1.0" encoding="UTF-8"?>
<!DOCTYPE html PUBLIC "-//W3C//DTD XHTML 1.0 Transitional//EN"
    "http://www.w3.org/TR/xhtml1/DTD/xhtml1-transitional.dtd">
<html xmlns="http://www.w3.org/1999/xhtml" xml:lang="en" lang="en">
 <head>
  <title>
</title>
<meta http-equiv="Content-Type" content="text/html;charset=utf-8" />
  <meta name='ocr-system' content='tesseract 3.04.00' />
  <meta name='ocr-capabilities' content='ocr_page ocr_carea ocr_par ocr_line ocrx_word'/>
</head>
<body>
  <div class='ocr_page' id='page_1' title='image "./dematrimoniotra00heisgoog_0221.png"; bbox 0 0 2758 4664; ppageno 0'>
   <div class='ocr_carea' id='block_1_1' title="bbox 229 233 993 315">
    <p class='ocr_par' dir='ltr' id='par_1_1' title="bbox 229 233 993 315">
     <span class='ocr_line' id='line_1_1' title="bbox 229 233 993 315; baseline 0.016 -13"><span class='ocrx_word' id='word_1_1' title='bbox 229 233 291 303; x_wconf 84' lang='grc'><strong>196</strong></span> <span class='ocrx_word' id='word_1_2' title='bbox 597 253 635 306; x_wconf 83' lang='lat' dir='ltr'><strong>lie</strong></span> <span class='ocrx_word' id='word_1_3' title='bbox 653 251 741 308; x_wconf 77' lang='lat' dir='ltr'><strong>cauus</strong></span> <span class='ocrx_word' id='word_1_4' title='bbox 759 259 993 315; x_wconf 77' lang='lat' dir='ltr'><strong>naumaniuitus.</strong></span> 
     </span>
    </p>
   </div>
   <div class='ocr_carea' id='block_1_2' title="bbox 184 410 1351 3384">
    <p class='ocr_par' dir='ltr' id='par_1_2' title="bbox 184 410 1351 3384">
     <span class='ocr_line' id='line_1_2' title="bbox 226 410 1350 498; baseline 0.012 -27"><span class='ocrx_word' id='word_1_5' title='bbox 226 410 332 489; x_wconf 89' lang='lat' dir='ltr'><strong>cultis,</strong></span> <span class='ocrx_word' id='word_1_6' title='bbox 364 411 528 491; x_wconf 86' lang='lat' dir='ltr'><strong>inquibus</strong></span> <span class='ocrx_word' id='word_1_7' title='bbox 558 412 742 494; x_wconf 71' lang='lat' dir='ltr'><strong>dispensatio</strong></span> <span class='ocrx_word' id='word_1_8' title='bbox 771 435 788 478; x_wconf 95' lang='lat' dir='ltr'><strong>a</strong></span> <span class='ocrx_word' id='word_1_9' title='bbox 820 417 897 498; x_wconf 90' lang='lat' dir='ltr'><strong>Papa</strong></span> <span class='ocrx_word' id='word_1_10' title='bbox 927 423 958 481; x_wconf 93' lang='lat' dir='ltr'><strong>in</strong></span> <span class='ocrx_word' id='word_1_11' title='bbox 988 417 1055 484; x_wconf 85' lang='lat' dir='ltr'><strong>loro</strong></span> <span class='ocrx_word' id='word_1_12' title='bbox 1091 424 1213 485; x_wconf 87' lang='lat' dir='ltr'><strong>interno</strong></span> <span class='ocrx_word' id='word_1_13' title='bbox 1236 422 1350 486; x_wconf 85' lang='lat' dir='ltr'><strong>concedi</strong></span> 
     </span>
     <span class='ocr_line' id='line_1_3' title="bbox 224 513 757 594; baseline 0.009 -19"><span class='ocrx_word' id='word_1_14' title='bbox 224 513 310 575; x_wconf 90' lang='lat' dir='ltr'><strong>solet.</strong></span> <span class='ocrx_word' id='word_1_15' title='bbox 357 513 534 594; x_wconf 89' lang='lat' dir='ltr'><strong>Hujusmodi</strong></span> <span class='ocrx_word' id='word_1_16' title='bbox 558 533 645 578; x_wconf 89' lang='lat' dir='ltr'><strong>casus</strong></span> <span class='ocrx_word' id='word_1_17' title='bbox 668 522 757 580; x_wconf 89' lang='lat' dir='ltr'><strong>sunt:</strong></span> 
     </span>
     <span class='ocr_line' id='line_1_4' title="bbox 245 615 1351 706; baseline 0.011 -27"><span class='ocrx_word' id='word_1_18' title='bbox 245 673 260 700; x_wconf 69' lang='lat'><strong>,</strong></span> <span class='ocrx_word' id='word_1_19' title='bbox 308 616 345 680; x_wconf 83' lang='lat' dir='ltr'><strong>A.</strong></span> <span class='ocrx_word' id='word_1_20' title='bbox 368 615 406 678; x_wconf 82' lang='lat' dir='ltr'><strong>Io</strong></span> <span class='ocrx_word' id='word_1_21' title='bbox 414 621 608 681; x_wconf 77' lang='lat' dir='ltr'><strong>matrimonio</strong></span> <span class='ocrx_word' id='word_1_22' title='bbox 624 617 693 695; x_wconf 80' lang='lat' dir='ltr'><strong>jorn</strong></span> <span class='ocrx_word' id='word_1_23' title='bbox 715 628 876 684; x_wconf 83' lang='lat' dir='ltr'><strong>contracto</strong></span> <span class='ocrx_word' id='word_1_24' title='bbox 899 643 966 688; x_wconf 93' lang='lat' dir='ltr'><strong>cum</strong></span> <span class='ocrx_word' id='word_1_25' title='bbox 988 626 1205 706; x_wconf 84' lang='lat' dir='ltr'><strong>impedimento</strong></span> <span class='ocrx_word' id='word_1_26' title='bbox 1230 630 1351 705; x_wconf 77' lang='lat' dir='ltr'><strong>occulto,</strong></span> 
     </span>
     <span class='ocr_line' id='line_1_5' title="bbox 222 723 1348 802; baseline 0.012 -19"><span class='ocrx_word' id='word_1_27' title='bbox 222 725 246 783; x_wconf 90' lang='lat' dir='ltr'><strong>si</strong></span> <span class='ocrx_word' id='word_1_28' title='bbox 271 726 370 783; x_wconf 90' lang='lat' dir='ltr'><strong>tamen</strong></span> <span class='ocrx_word' id='word_1_29' title='bbox 385 725 547 802; x_wconf 87' lang='lat' dir='ltr'><strong>sequentes</strong></span> <span class='ocrx_word' id='word_1_30' title='bbox 563 723 656 784; x_wconf 82' lang='lat' dir='ltr'><strong>simul</strong></span> <span class='ocrx_word' id='word_1_31' title='bbox 668 731 845 787; x_wconf 74' lang='lat' dir='ltr'><strong>concurrant</strong></span> <span class='ocrx_word' id='word_1_32' title='bbox 855 731 1095 792; x_wconf 88' lang='lat' dir='ltr'><strong>circumstantiae</strong></span> <span class='ocrx_word' id='word_1_33' title='bbox 1110 735 1141 791; x_wconf 86' lang='lat' dir='ltr'><strong>ei</strong></span> <span class='ocrx_word' id='word_1_34' title='bbox 1153 730 1348 797; x_wconf 84' lang='lat' dir='ltr'><strong>conditiones:</strong></span> 
     </span>
     <span class='ocr_line' id='line_1_6' title="bbox 254 825 1262 913; baseline 0.009 -27"><span class='ocrx_word' id='word_1_35' title='bbox 254 826 287 899; x_wconf 99' lang='grc'><strong>1)</strong></span> <span class='ocrx_word' id='word_1_36' title='bbox 311 829 343 886; x_wconf 92' lang='grc' dir='ltr'><strong>ιιι</strong></span> <span class='ocrx_word' id='word_1_37' title='bbox 366 827 586 886; x_wconf 73' lang='lat' dir='ltr'><strong>matrimonium</strong></span> <span class='ocrx_word' id='word_1_38' title='bbox 610 825 702 886; x_wconf 85' lang='lat' dir='ltr'><strong>fuerit</strong></span> <span class='ocrx_word' id='word_1_39' title='bbox 724 835 908 892; x_wconf 88' lang='lat' dir='ltr'><strong>contractum</strong></span> <span class='ocrx_word' id='word_1_40' title='bbox 932 835 964 892; x_wconf 89' lang='lat' dir='ltr'><strong>in</strong></span> <span class='ocrx_word' id='word_1_41' title='bbox 986 829 1064 894; x_wconf 84' lang='lat' dir='ltr'><strong>lacie</strong></span> <span class='ocrx_word' id='word_1_42' title='bbox 1086 832 1262 913; x_wconf 77' lang='lat' dir='ltr'><strong>Ecclesiae3</strong></span> 
     </span>
     <span class='ocr_line' id='line_1_7' title="bbox 248 926 1348 1020; baseline 0.013 -31"><span class='ocrx_word' id='word_1_43' title='bbox 248 926 283 1003; x_wconf 85' lang='lat'><strong>2)</strong></span> <span class='ocrx_word' id='word_1_44' title='bbox 305 933 338 989; x_wconf 93' lang='lat' dir='ltr'><strong>ut</strong></span> <span class='ocrx_word' id='word_1_45' title='bbox 361 931 544 990; x_wconf 87' lang='lat' dir='ltr'><strong>contractum</strong></span> <span class='ocrx_word' id='word_1_46' title='bbox 568 927 658 990; x_wconf 88' lang='lat' dir='ltr'><strong>luerit</strong></span> <span class='ocrx_word' id='word_1_47' title='bbox 679 929 757 993; x_wconf 88' lang='lat' dir='ltr'><strong>bona</strong></span> <span class='ocrx_word' id='word_1_48' title='bbox 786 931 861 1007; x_wconf 88' lang='lat' dir='ltr'><strong>ilde,</strong></span> <span class='ocrx_word' id='word_1_49' title='bbox 891 949 931 994; x_wconf 87' lang='lat' dir='ltr'><strong>ex</strong></span> <span class='ocrx_word' id='word_1_50' title='bbox 944 934 1022 1014; x_wconf 89' lang='lat' dir='ltr'><strong>juris</strong></span> <span class='ocrx_word' id='word_1_51' title='bbox 1045 935 1093 996; x_wconf 90' lang='lat' dir='ltr'><strong>vel</strong></span> <span class='ocrx_word' id='word_1_52' title='bbox 1115 934 1186 997; x_wconf 88' lang='lat' dir='ltr'><strong>iacti</strong></span> <span class='ocrx_word' id='word_1_53' title='bbox 1208 940 1348 1020; x_wconf 84' lang='lat' dir='ltr'><strong>ignorau-</strong></span> 
     </span>
     <span class='ocr_line' id='line_1_8' title="bbox 268 1030 829 1113; baseline 0.009 -24"><span class='ocrx_word' id='word_1_54' title='bbox 268 1036 270 1039; x_wconf 84' lang='grc'><strong>’</strong></span> <span class='ocrx_word' id='word_1_55' title='bbox 307 1034 357 1110; x_wconf 83' lang='grc' dir='ltr'>ιιι,</span> <span class='ocrx_word' id='word_1_56' title='bbox 382 1030 485 1092; x_wconf 89' lang='lat' dir='ltr'><strong>saltem</strong></span> <span class='ocrx_word' id='word_1_57' title='bbox 510 1049 548 1092; x_wconf 88' lang='lat' dir='ltr'><strong>ex</strong></span> <span class='ocrx_word' id='word_1_58' title='bbox 571 1031 713 1094; x_wconf 89' lang='lat' dir='ltr'><strong>alterutra</strong></span> <span class='ocrx_word' id='word_1_59' title='bbox 736 1041 829 1113; x_wconf 91' lang='lat' dir='ltr'><strong>parte.</strong></span> 
     </span>
     <span class='ocr_line' id='line_1_9' title="bbox 246 1131 1052 1215; baseline 0.01 -19"><span class='ocrx_word' id='word_1_60' title='bbox 246 1131 283 1206; x_wconf 84' lang='lat'><strong>3)</strong></span> <span class='ocrx_word' id='word_1_61' title='bbox 305 1132 344 1194; x_wconf 93' lang='lat' dir='ltr'><strong>Ut</strong></span> <span class='ocrx_word' id='word_1_62' title='bbox 366 1137 585 1196; x_wconf 69' lang='lat' dir='ltr'><strong>matrimonium</strong></span> <span class='ocrx_word' id='word_1_63' title='bbox 605 1135 668 1215; x_wconf 91' lang='lat' dir='ltr'><strong>jam</strong></span> <span class='ocrx_word' id='word_1_64' title='bbox 692 1135 782 1197; x_wconf 90' lang='lat' dir='ltr'><strong>luerit</strong></span> <span class='ocrx_word' id='word_1_65' title='bbox 805 1146 1052 1204; x_wconf 88' lang='lat' dir='ltr'><strong>consummatum.</strong></span> 
     </span>
     <span class='ocr_line' id='line_1_10' title="bbox 246 1231 1350 1322; baseline 0.013 -26"><span class='ocrx_word' id='word_1_66' title='bbox 246 1231 281 1312; x_wconf 83' lang='grc'><strong>4)</strong></span> <span class='ocrx_word' id='word_1_67' title='bbox 304 1235 342 1297; x_wconf 94' lang='grc' dir='ltr'><strong>ιιι</strong></span> <span class='ocrx_word' id='word_1_68' title='bbox 364 1234 440 1298; x_wconf 90' lang='lat' dir='ltr'><strong>adsit</strong></span> <span class='ocrx_word' id='word_1_69' title='bbox 462 1242 564 1320; x_wconf 84' lang='lat' dir='ltr'><strong>gravis</strong></span> <span class='ocrx_word' id='word_1_70' title='bbox 587 1255 676 1299; x_wconf 88' lang='lat' dir='ltr'><strong>causa</strong></span> <span class='ocrx_word' id='word_1_71' title='bbox 699 1245 728 1298; x_wconf 89' lang='lat' dir='ltr'><strong>ct</strong></span> <span class='ocrx_word' id='word_1_72' title='bbox 751 1257 859 1322; x_wconf 84' lang='lat' dir='ltr'><strong>magna</strong></span> <span class='ocrx_word' id='word_1_73' title='bbox 882 1248 1095 1321; x_wconf 89' lang='lat' dir='ltr'><strong>necessitas,s</strong></span> <span class='ocrx_word' id='word_1_74' title='bbox 1080 1245 1198 1307; x_wconf 88' lang='lat' dir='ltr'><strong>seilicet</strong></span> <span class='ocrx_word' id='word_1_75' title='bbox 1221 1247 1350 1310; x_wconf 91' lang='lat' dir='ltr'><strong>scanda-</strong></span> 
     </span>
     <span class='ocr_line' id='line_1_11' title="bbox 302 1337 1349 1426; baseline 0.016 -28"><span class='ocrx_word' id='word_1_76' title='bbox 302 1337 373 1416; x_wconf 92' lang='lat' dir='ltr'><strong>lum,</strong></span> <span class='ocrx_word' id='word_1_77' title='bbox 399 1355 438 1399; x_wconf 87' lang='lat' dir='ltr'><strong>ex</strong></span> <span class='ocrx_word' id='word_1_78' title='bbox 461 1343 651 1420; x_wconf 84' lang='lat' dir='ltr'><strong>separatione</strong></span> <span class='ocrx_word' id='word_1_79' title='bbox 674 1345 829 1420; x_wconf 90' lang='lat' dir='ltr'><strong>oriturum,</strong></span> <span class='ocrx_word' id='word_1_80' title='bbox 853 1361 946 1426; x_wconf 80' lang='lat' dir='ltr'><strong>grave</strong></span> <span class='ocrx_word' id='word_1_81' title='bbox 969 1347 1134 1426; x_wconf 79' lang='lat' dir='ltr'><strong>periculum</strong></span> <span class='ocrx_word' id='word_1_82' title='bbox 1156 1354 1349 1414; x_wconf 88' lang='lat' dir='ltr'><strong>incontinen-</strong></span> 
     </span>
     <span class='ocr_line' id='line_1_12' title="bbox 184 1441 1068 1527; baseline 0.015 -29"><span class='ocrx_word' id='word_1_83' title='bbox 184 1442 187 1452; x_wconf 82' lang='lat'>&#39;</span> <span class='ocrx_word' id='word_1_84' title='bbox 300 1445 371 1517; x_wconf 92' lang='lat' dir='ltr'><strong>tiae,</strong></span> <span class='ocrx_word' id='word_1_85' title='bbox 390 1441 506 1522; x_wconf 90' lang='lat' dir='ltr'><strong>jactura</strong></span> <span class='ocrx_word' id='word_1_86' title='bbox 530 1443 636 1520; x_wconf 86' lang='lat' dir='ltr'><strong>lamae,</strong></span> <span class='ocrx_word' id='word_1_87' title='bbox 660 1443 873 1524; x_wconf 84' lang='lat' dir='ltr'><strong>praejudicium</strong></span> <span class='ocrx_word' id='word_1_88' title='bbox 898 1447 989 1527; x_wconf 88' lang='lat' dir='ltr'><strong>prolis</strong></span> <span class='ocrx_word' id='word_1_89' title='bbox 1012 1456 1068 1513; x_wconf 88' lang='lat' dir='ltr'><strong>eie.</strong></span> 
     </span>
     <span class='ocr_line' id='line_1_13' title="bbox 242 1543 1343 1635; baseline 0.01 -29"><span class='ocrx_word' id='word_1_90' title='bbox 242 1544 278 1624; x_wconf 80' lang='grc'><strong>5)</strong></span> <span class='ocrx_word' id='word_1_91' title='bbox 301 1545 340 1605; x_wconf 89' lang='grc' dir='ltr'><strong>ιιι</strong></span> <span class='ocrx_word' id='word_1_92' title='bbox 362 1561 476 1606; x_wconf 89' lang='lat' dir='ltr'><strong>summa</strong></span> <span class='ocrx_word' id='word_1_93' title='bbox 499 1543 592 1608; x_wconf 87' lang='lat' dir='ltr'><strong>Sedes</strong></span> <span class='ocrx_word' id='word_1_94' title='bbox 619 1563 680 1609; x_wconf 92' lang='lat' dir='ltr'><strong>non</strong></span> <span class='ocrx_word' id='word_1_95' title='bbox 710 1551 804 1627; x_wconf 89' lang='lat' dir='ltr'><strong>possit</strong></span> <span class='ocrx_word' id='word_1_96' title='bbox 826 1548 913 1610; x_wconf 83' lang='lat' dir='ltr'><strong>facile</strong></span> <span class='ocrx_word' id='word_1_97' title='bbox 936 1550 1011 1612; x_wconf 88' lang='lat' dir='ltr'><strong>adiri</strong></span> <span class='ocrx_word' id='word_1_98' title='bbox 1035 1560 1155 1634; x_wconf 90' lang='lat' dir='ltr'><strong>propter</strong></span> <span class='ocrx_word' id='word_1_99' title='bbox 1177 1557 1343 1635; x_wconf 90' lang='lat' dir='ltr'><strong>periculum</strong></span> 
     </span>
     <span class='ocr_line' id='line_1_14' title="bbox 297 1647 1312 1732; baseline 0.014 -24"><span class='ocrx_word' id='word_1_100' title='bbox 297 1651 329 1709; x_wconf 93' lang='lat' dir='ltr'><strong>iu</strong></span> <span class='ocrx_word' id='word_1_101' title='bbox 352 1665 445 1724; x_wconf 89' lang='lat' dir='ltr'><strong>mora,</strong></span> <span class='ocrx_word' id='word_1_102' title='bbox 469 1653 500 1708; x_wconf 89' lang='lat' dir='ltr'><strong>et</strong></span> <span class='ocrx_word' id='word_1_103' title='bbox 522 1647 690 1709; x_wconf 89' lang='lat' dir='ltr'><strong>distantiam</strong></span> <span class='ocrx_word' id='word_1_104' title='bbox 714 1650 858 1732; x_wconf 89' lang='lat' dir='ltr'><strong>locorum,</strong></span> <span class='ocrx_word' id='word_1_105' title='bbox 883 1652 922 1714; x_wconf 89' lang='lat' dir='ltr'><strong>ob</strong></span> <span class='ocrx_word' id='word_1_106' title='bbox 944 1652 1067 1717; x_wconf 76' lang='lat' dir='ltr'><strong>hostiles</strong></span> <span class='ocrx_word' id='word_1_107' title='bbox 1090 1661 1232 1720; x_wconf 91' lang='lat' dir='ltr'><strong>incursus</strong></span> <span class='ocrx_word' id='word_1_108' title='bbox 1255 1666 1312 1724; x_wconf 88' lang='lat' dir='ltr'><strong>etc.</strong></span> 
     </span>
     <span class='ocr_line' id='line_1_15' title="bbox 296 1749 1346 1841; baseline 0.011 -29"><span class='ocrx_word' id='word_1_109' title='bbox 296 1749 328 1812; x_wconf 89' lang='lat' dir='ltr'><strong>B.</strong></span> <span class='ocrx_word' id='word_1_110' title='bbox 351 1750 433 1812; x_wconf 86' lang='lat' dir='ltr'><strong>Ante</strong></span> <span class='ocrx_word' id='word_1_111' title='bbox 444 1753 671 1813; x_wconf 72' lang='lat' dir='ltr'><strong>nutrimentum</strong></span> <span class='ocrx_word' id='word_1_112' title='bbox 694 1761 895 1834; x_wconf 80' lang='lat' dir='ltr'><strong>contractum,</strong></span> <span class='ocrx_word' id='word_1_113' title='bbox 920 1755 954 1831; x_wconf 91' lang='grc'><strong>1)</strong></span> <span class='ocrx_word' id='word_1_114' title='bbox 976 1761 1001 1818; x_wconf 90' lang='lat' dir='ltr'><strong>si</strong></span> <span class='ocrx_word' id='word_1_115' title='bbox 1018 1765 1126 1841; x_wconf 79' lang='lat' dir='ltr'><strong>urgeat</strong></span> <span class='ocrx_word' id='word_1_116' title='bbox 1146 1779 1265 1824; x_wconf 88' lang='lat' dir='ltr'><strong>summa</strong></span> <span class='ocrx_word' id='word_1_117' title='bbox 1290 1779 1346 1823; x_wconf 90' lang='lat' dir='ltr'><strong>ne-</strong></span> 
     </span>
     <span class='ocr_line' id='line_1_16' title="bbox 210 1853 1346 1944; baseline 0.011 -28"><span class='ocrx_word' id='word_1_118' title='bbox 210 1857 352 1932; x_wconf 74' lang='lat' dir='ltr'><strong>cessitaS,</strong></span> <span class='ocrx_word' id='word_1_119' title='bbox 375 1856 470 1934; x_wconf 87' lang='lat' dir='ltr'><strong>qualis</strong></span> <span class='ocrx_word' id='word_1_120' title='bbox 495 1872 542 1917; x_wconf 88' lang='lat' dir='ltr'><strong>ex.</strong></span> <span class='ocrx_word' id='word_1_121' title='bbox 566 1874 595 1938; x_wconf 83' lang='lat' dir='ltr'><strong>g.</strong></span> <span class='ocrx_word' id='word_1_122' title='bbox 621 1853 699 1916; x_wconf 90' lang='lat' dir='ltr'><strong>ieret</strong></span> <span class='ocrx_word' id='word_1_123' title='bbox 721 1875 811 1933; x_wconf 91' lang='lat' dir='ltr'><strong>casu,</strong></span> <span class='ocrx_word' id='word_1_124' title='bbox 847 1875 907 1936; x_wconf 89' lang='lat' dir='ltr'><strong>quo</strong></span> <span class='ocrx_word' id='word_1_125' title='bbox 937 1860 1044 1940; x_wconf 87' lang='lat' dir='ltr'><strong>aliquis</strong></span> <span class='ocrx_word' id='word_1_126' title='bbox 1076 1869 1165 1925; x_wconf 88' lang='lat' dir='ltr'><strong>morti</strong></span> <span class='ocrx_word' id='word_1_127' title='bbox 1188 1869 1346 1944; x_wconf 79' lang='lat' dir='ltr'><strong>proximus</strong></span> 
     </span>
     <span class='ocr_line' id='line_1_17' title="bbox 208 1955 1345 2040; baseline 0.011 -23"><span class='ocrx_word' id='word_1_128' title='bbox 208 1955 246 2018; x_wconf 92' lang='lat' dir='ltr'><strong>ad</strong></span> <span class='ocrx_word' id='word_1_129' title='bbox 268 1957 478 2040; x_wconf 82' lang='lat' dir='ltr'><strong>legitimandas</strong></span> <span class='ocrx_word' id='word_1_130' title='bbox 500 1957 600 2039; x_wconf 89' lang='lat' dir='ltr'><strong>proles</strong></span> <span class='ocrx_word' id='word_1_131' title='bbox 623 1977 690 2020; x_wconf 90' lang='lat' dir='ltr'><strong>cum</strong></span> <span class='ocrx_word' id='word_1_132' title='bbox 714 1977 816 2020; x_wconf 89' lang='lat' dir='ltr'><strong>earum</strong></span> <span class='ocrx_word' id='word_1_133' title='bbox 841 1966 933 2022; x_wconf 92' lang='lat' dir='ltr'><strong>matre</strong></span> <span class='ocrx_word' id='word_1_134' title='bbox 946 1962 1038 2024; x_wconf 88' lang='lat' dir='ltr'><strong>vellet</strong></span> <span class='ocrx_word' id='word_1_135' title='bbox 1048 1963 1228 2036; x_wconf 65' lang='lat' dir='ltr'><strong>coruralrere</strong></span> <span class='ocrx_word' id='word_1_136' title='bbox 1237 1973 1345 2030; x_wconf 88' lang='lat' dir='ltr'><strong>mairi-</strong></span> 
     </span>
     <span class='ocr_line' id='line_1_18' title="bbox 208 2061 1342 2144; baseline 0.01 -23"><span class='ocrx_word' id='word_1_137' title='bbox 208 2065 359 2139; x_wconf 90' lang='lat' dir='ltr'><strong>monium,</strong></span> <span class='ocrx_word' id='word_1_138' title='bbox 390 2062 439 2124; x_wconf 91' lang='lat' dir='ltr'><strong>vel</strong></span> <span class='ocrx_word' id='word_1_139' title='bbox 462 2061 580 2142; x_wconf 87' lang='lat' dir='ltr'><strong>quando</strong></span> <span class='ocrx_word' id='word_1_140' title='bbox 603 2066 672 2122; x_wconf 91' lang='lat' dir='ltr'><strong>anie</strong></span> <span class='ocrx_word' id='word_1_141' title='bbox 694 2067 880 2123; x_wconf 91' lang='lat' dir='ltr'><strong>contractum</strong></span> <span class='ocrx_word' id='word_1_142' title='bbox 905 2065 1067 2144; x_wconf 85' lang='lat' dir='ltr'><strong>nuptialem</strong></span> <span class='ocrx_word' id='word_1_143' title='bbox 1091 2073 1121 2127; x_wconf 90' lang='lat' dir='ltr'><strong>ei</strong></span> <span class='ocrx_word' id='word_1_144' title='bbox 1142 2069 1285 2131; x_wconf 90' lang='lat' dir='ltr'><strong>omnibus</strong></span> <span class='ocrx_word' id='word_1_145' title='bbox 1308 2071 1342 2132; x_wconf 90' lang='lat' dir='ltr'><strong>ad</strong></span> 
     </span>
     <span class='ocr_line' id='line_1_19' title="bbox 205 2161 1343 2256; baseline 0.008 -32"><span class='ocrx_word' id='word_1_146' title='bbox 205 2161 286 2226; x_wconf 90' lang='lat' dir='ltr'><strong>hunc</strong></span> <span class='ocrx_word' id='word_1_147' title='bbox 309 2169 419 2245; x_wconf 91' lang='lat' dir='ltr'><strong>paratis</strong></span> <span class='ocrx_word' id='word_1_148' title='bbox 442 2182 621 2245; x_wconf 90' lang='lat' dir='ltr'><strong>sponsorum</strong></span> <span class='ocrx_word' id='word_1_149' title='bbox 644 2164 719 2225; x_wconf 89' lang='lat' dir='ltr'><strong>alter</strong></span> <span class='ocrx_word' id='word_1_150' title='bbox 739 2168 771 2224; x_wconf 93' lang='lat' dir='ltr'><strong>in</strong></span> <span class='ocrx_word' id='word_1_151' title='bbox 794 2165 984 2229; x_wconf 79' lang='lat' dir='ltr'><strong>confessione</strong></span> <span class='ocrx_word' id='word_1_152' title='bbox 1007 2171 1216 2232; x_wconf 86' lang='lat' dir='ltr'><strong>sacramentali</strong></span> <span class='ocrx_word' id='word_1_153' title='bbox 1227 2172 1343 2256; x_wconf 83' lang='lat' dir='ltr'><strong>detegit</strong></span> 
     </span>
     <span class='ocr_line' id='line_1_20' title="bbox 204 2267 1342 2350; baseline 0.006 -20"><span class='ocrx_word' id='word_1_154' title='bbox 204 2269 450 2350; x_wconf 88' lang='lat' dir='ltr'><strong>impedimentum</strong></span> <span class='ocrx_word' id='word_1_155' title='bbox 484 2268 628 2330; x_wconf 84' lang='lat' dir='ltr'><strong>dirimens</strong></span> <span class='ocrx_word' id='word_1_156' title='bbox 656 2267 806 2328; x_wconf 90' lang='lat' dir='ltr'><strong>occultum</strong></span> <span class='ocrx_word' id='word_1_157' title='bbox 836 2275 868 2328; x_wconf 90' lang='lat' dir='ltr'><strong>et</strong></span> <span class='ocrx_word' id='word_1_158' title='bbox 889 2275 1070 2349; x_wconf 86' lang='lat' dir='ltr'><strong>proveniens</strong></span> <span class='ocrx_word' id='word_1_159' title='bbox 1093 2289 1132 2333; x_wconf 84' lang='lat' dir='ltr'><strong>ex</strong></span> <span class='ocrx_word' id='word_1_160' title='bbox 1154 2271 1282 2350; x_wconf 83' lang='lat' dir='ltr'><strong>delleto,</strong></span> <span class='ocrx_word' id='word_1_161' title='bbox 1316 2293 1342 2338; x_wconf 89' lang='lat' dir='ltr'><strong>v.</strong></span> 
     </span>
     <span class='ocr_line' id='line_1_21' title="bbox 206 2371 1343 2456; baseline 0.005 -22"><span class='ocrx_word' id='word_1_162' title='bbox 206 2391 234 2456; x_wconf 83' lang='lat' dir='ltr'><strong>g.</strong></span> <span class='ocrx_word' id='word_1_163' title='bbox 260 2371 366 2453; x_wconf 87' lang='lat' dir='ltr'><strong>copula</strong></span> <span class='ocrx_word' id='word_1_164' title='bbox 387 2373 489 2434; x_wconf 88' lang='lat' dir='ltr'><strong>illicita</strong></span> <span class='ocrx_word' id='word_1_165' title='bbox 513 2389 581 2433; x_wconf 90' lang='lat' dir='ltr'><strong>curn</strong></span> <span class='ocrx_word' id='word_1_166' title='bbox 605 2375 828 2454; x_wconf 81' lang='lat' dir='ltr'><strong>consanguinea</strong></span> <span class='ocrx_word' id='word_1_167' title='bbox 851 2389 990 2452; x_wconf 84' lang='lat' dir='ltr'><strong>sponsae,</strong></span> <span class='ocrx_word' id='word_1_168' title='bbox 1016 2376 1101 2456; x_wconf 76' lang='lat' dir='ltr'><strong>quus</strong></span> <span class='ocrx_word' id='word_1_169' title='bbox 1124 2375 1257 2438; x_wconf 91' lang='lat' dir='ltr'><strong>detectio</strong></span> <span class='ocrx_word' id='word_1_170' title='bbox 1283 2395 1343 2440; x_wconf 83' lang='lat' dir='ltr'><strong>uo-</strong></span> 
     </span>
     <span class='ocr_line' id='line_1_22' title="bbox 202 2473 1343 2558; baseline 0.006 -24"><span class='ocrx_word' id='word_1_171' title='bbox 202 2476 323 2537; x_wconf 87' lang='lat' dir='ltr'><strong>tabilem</strong></span> <span class='ocrx_word' id='word_1_172' title='bbox 347 2475 498 2537; x_wconf 77' lang='lat' dir='ltr'><strong>infamiam</strong></span> <span class='ocrx_word' id='word_1_173' title='bbox 520 2473 657 2551; x_wconf 83' lang='lat' dir='ltr'><strong>inferret,</strong></span> <span class='ocrx_word' id='word_1_174' title='bbox 681 2489 781 2553; x_wconf 88' lang='lat' dir='ltr'><strong>neque</strong></span> <span class='ocrx_word' id='word_1_175' title='bbox 803 2493 819 2536; x_wconf 90' lang='lat' dir='ltr'><strong>a</strong></span> <span class='ocrx_word' id='word_1_176' title='bbox 843 2480 953 2555; x_wconf 90' lang='lat' dir='ltr'><strong>nuptiis</strong></span> <span class='ocrx_word' id='word_1_177' title='bbox 975 2476 1128 2555; x_wconf 84' lang='lat' dir='ltr'><strong>abstineri,</strong></span> <span class='ocrx_word' id='word_1_178' title='bbox 1153 2495 1257 2558; x_wconf 87' lang='lat' dir='ltr'><strong>neque</strong></span> <span class='ocrx_word' id='word_1_179' title='bbox 1275 2480 1343 2542; x_wconf 87' lang='lat' dir='ltr'><strong>illae</strong></span> 
     </span>
     <span class='ocr_line' id='line_1_23' title="bbox 201 2575 1342 2660; baseline 0.004 -20"><span class='ocrx_word' id='word_1_180' title='bbox 201 2575 313 2640; x_wconf 78' lang='lat' dir='ltr'><strong>differri</strong></span> <span class='ocrx_word' id='word_1_181' title='bbox 338 2579 390 2640; x_wconf 91' lang='lat' dir='ltr'><strong>diu</strong></span> <span class='ocrx_word' id='word_1_182' title='bbox 412 2583 535 2660; x_wconf 89' lang='lat' dir='ltr'><strong>possent</strong></span> <span class='ocrx_word' id='word_1_183' title='bbox 557 2581 623 2637; x_wconf 88' lang='lat' dir='ltr'><strong>sine</strong></span> <span class='ocrx_word' id='word_1_184' title='bbox 645 2577 801 2638; x_wconf 84' lang='lat' dir='ltr'><strong>verisimili</strong></span> <span class='ocrx_word' id='word_1_185' title='bbox 825 2582 996 2658; x_wconf 89' lang='lat' dir='ltr'><strong>suspic&#39;one</strong></span> <span class='ocrx_word' id='word_1_186' title='bbox 1019 2581 1129 2642; x_wconf 85' lang='lat' dir='ltr'><strong>occulti</strong></span> <span class='ocrx_word' id='word_1_187' title='bbox 1151 2585 1290 2643; x_wconf 88' lang='lat' dir='ltr'><strong>criminis</strong></span> <span class='ocrx_word' id='word_1_188' title='bbox 1313 2587 1342 2644; x_wconf 93' lang='lat' dir='ltr'><strong>in</strong></span> 
     </span>
     <span class='ocr_line' id='line_1_24' title="bbox 201 2678 1340 2764; baseline 0.003 -20"><span class='ocrx_word' id='word_1_189' title='bbox 201 2685 393 2745; x_wconf 86' lang='lat' dir='ltr'><strong>confessione</strong></span> <span class='ocrx_word' id='word_1_190' title='bbox 416 2679 543 2755; x_wconf 88' lang='lat' dir='ltr'><strong>detecti;</strong></span> <span class='ocrx_word' id='word_1_191' title='bbox 566 2697 665 2760; x_wconf 91' lang='lat' dir='ltr'><strong>neque</strong></span> <span class='ocrx_word' id='word_1_192' title='bbox 687 2678 825 2741; x_wconf 89' lang='lat' dir='ltr'><strong>omnibus</strong></span> <span class='ocrx_word' id='word_1_193' title='bbox 847 2684 967 2744; x_wconf 87' lang='lat' dir='ltr'><strong>tentatis</strong></span> <span class='ocrx_word' id='word_1_194' title='bbox 991 2682 1107 2762; x_wconf 75' lang='lat' dir='ltr'><strong>medita,</strong></span> <span class='ocrx_word' id='word_1_195' title='bbox 1131 2683 1191 2745; x_wconf 88' lang='lat' dir='ltr'><strong>ulla</strong></span> <span class='ocrx_word' id='word_1_196' title='bbox 1215 2689 1340 2764; x_wconf 87' lang='lat' dir='ltr'><strong>aperia-</strong></span> 
     </span>
     <span class='ocr_line' id='line_1_25' title="bbox 200 2783 1338 2867; baseline 0.003 -21"><span class='ocrx_word' id='word_1_197' title='bbox 200 2791 248 2847; x_wconf 86' lang='lat' dir='ltr'><strong>tur</strong></span> <span class='ocrx_word' id='word_1_198' title='bbox 271 2783 419 2848; x_wconf 89' lang='lat' dir='ltr'><strong>evadendi</strong></span> <span class='ocrx_word' id='word_1_199' title='bbox 443 2788 509 2860; x_wconf 83' lang='lat' dir='ltr'><strong>via3</strong></span> <span class='ocrx_word' id='word_1_200' title='bbox 531 2801 599 2844; x_wconf 90' lang='lat' dir='ltr'><strong>nam</strong></span> <span class='ocrx_word' id='word_1_201' title='bbox 623 2787 648 2844; x_wconf 86' lang='lat' dir='ltr'><strong>si</strong></span> <span class='ocrx_word' id='word_1_202' title='bbox 672 2801 730 2863; x_wconf 89' lang='lat' dir='ltr'><strong>qua</strong></span> <span class='ocrx_word' id='word_1_203' title='bbox 752 2786 919 2862; x_wconf 88' lang='lat' dir='ltr'><strong>reperiatur</strong></span> <span class='ocrx_word' id='word_1_204' title='bbox 940 2788 988 2845; x_wconf 89' lang='lat' dir='ltr'><strong>via</strong></span> <span class='ocrx_word' id='word_1_205' title='bbox 1012 2785 1159 2846; x_wconf 86' lang='lat' dir='ltr'><strong>evadendi</strong></span> <span class='ocrx_word' id='word_1_206' title='bbox 1180 2792 1338 2867; x_wconf 82' lang='lat' dir='ltr'><strong>sospicio-</strong></span> 
     </span>
     <span class='ocr_line' id='line_1_26' title="bbox 199 2870 1337 2970; baseline 0.003 -21"><span class='ocrx_word' id='word_1_207' title='bbox 199 2905 285 2967; x_wconf 88' lang='lat' dir='ltr'><strong>nem,</strong></span> <span class='ocrx_word' id='word_1_208' title='bbox 314 2887 488 2967; x_wconf 86' lang='lat' dir='ltr'><strong>dispensare</strong></span> <span class='ocrx_word' id='word_1_209' title='bbox 518 2885 599 2947; x_wconf 91' lang='lat' dir='ltr'><strong>nullo</strong></span> <span class='ocrx_word' id='word_1_210' title='bbox 629 2870 719 2948; x_wconf 79' lang='lat' dir='ltr'><strong>modo</strong></span> <span class='ocrx_word' id='word_1_211' title='bbox 742 2891 840 2964; x_wconf 88' lang='lat' dir='ltr'><strong>potest</strong></span> <span class='ocrx_word' id='word_1_212' title='bbox 861 2880 1067 2968; x_wconf 81' lang='lat' dir='ltr'><strong>Episcopus¹).</strong></span> <span class='ocrx_word' id='word_1_213' title='bbox 1113 2887 1172 2952; x_wconf 88' lang='lat' dir='ltr'><strong>Sed</strong></span> <span class='ocrx_word' id='word_1_214' title='bbox 1195 2895 1337 2970; x_wconf 83' lang='lat' dir='ltr'><strong>quamvis</strong></span> 
     </span>
     <span class='ocr_line' id='line_1_27' title="bbox 196 2986 1336 3070; baseline 0.003 -19"><span class='ocrx_word' id='word_1_215' title='bbox 196 2989 271 3054; x_wconf 91' lang='lat' dir='ltr'><strong>haec</strong></span> <span class='ocrx_word' id='word_1_216' title='bbox 294 2995 412 3070; x_wconf 88' lang='lat' dir='ltr'><strong>opinio,</strong></span> <span class='ocrx_word' id='word_1_217' title='bbox 445 2995 522 3052; x_wconf 89' lang='lat' dir='ltr'><strong>teste</strong></span> <span class='ocrx_word' id='word_1_218' title='bbox 543 2987 736 3066; x_wconf 71' lang='lat' dir='ltr'><strong>Bououinda,</strong></span> <span class='ocrx_word' id='word_1_219' title='bbox 766 2986 856 3052; x_wconf 90' lang='lat' dir='ltr'><strong>hodie</strong></span> <span class='ocrx_word' id='word_1_220' title='bbox 883 2995 922 3052; x_wconf 89' lang='lat' dir='ltr'><strong>sit</strong></span> <span class='ocrx_word' id='word_1_221' title='bbox 951 2989 1015 3052; x_wconf 87' lang='lat' dir='ltr'><strong>iere</strong></span> <span class='ocrx_word' id='word_1_222' title='bbox 1044 2995 1233 3068; x_wconf 89' lang='lat' dir='ltr'><strong>eommunis,</strong></span> <span class='ocrx_word' id='word_1_223' title='bbox 1267 3010 1336 3056; x_wconf 86' lang='lat' dir='ltr'><strong>eam</strong></span> 
     </span>
     <span class='ocr_line' id='line_1_28' title="bbox 196 3090 1336 3178; baseline 0.006 -24"><span class='ocrx_word' id='word_1_224' title='bbox 196 3100 295 3156; x_wconf 89' lang='lat' dir='ltr'><strong>tamen</strong></span> <span class='ocrx_word' id='word_1_225' title='bbox 321 3099 431 3156; x_wconf 90' lang='lat' dir='ltr'><strong>aeriter</strong></span> <span class='ocrx_word' id='word_1_226' title='bbox 461 3090 654 3173; x_wconf 86' lang='lat' dir='ltr'><strong>reprehendit</strong></span> <span class='ocrx_word' id='word_1_227' title='bbox 683 3097 713 3152; x_wconf 93' lang='lat' dir='ltr'><strong>et</strong></span> <span class='ocrx_word' id='word_1_228' title='bbox 736 3096 869 3173; x_wconf 81' lang='lat' dir='ltr'><strong>exagitat</strong></span> <span class='ocrx_word' id='word_1_229' title='bbox 892 3092 1064 3176; x_wconf 82' lang='lat' dir='ltr'><strong>Fagnanus,</strong></span> <span class='ocrx_word' id='word_1_230' title='bbox 1096 3094 1228 3158; x_wconf 83' lang='lat' dir='ltr'><strong>fortasse</strong></span> <span class='ocrx_word' id='word_1_231' title='bbox 1263 3101 1336 3178; x_wconf 87' lang='lat' dir='ltr'><strong>quia</strong></span> 
     </span>
     <span class='ocr_line' id='line_1_29' title="bbox 195 3195 1337 3278; baseline 0.002 -18"><span class='ocrx_word' id='word_1_232' title='bbox 195 3203 241 3260; x_wconf 88' lang='lat' dir='ltr'><strong>est</strong></span> <span class='ocrx_word' id='word_1_233' title='bbox 265 3197 419 3260; x_wconf 86' lang='lat' dir='ltr'><strong>moraliter</strong></span> <span class='ocrx_word' id='word_1_234' title='bbox 442 3195 641 3277; x_wconf 91' lang='lat' dir='ltr'><strong>impossibile,</strong></span> <span class='ocrx_word' id='word_1_235' title='bbox 673 3211 724 3256; x_wconf 86' lang='lat' dir='ltr'><strong>eas</strong></span> <span class='ocrx_word' id='word_1_236' title='bbox 748 3211 853 3256; x_wconf 90' lang='lat' dir='ltr'><strong>omnes</strong></span> <span class='ocrx_word' id='word_1_237' title='bbox 877 3213 1058 3258; x_wconf 90' lang='lat' dir='ltr'><strong>concurrere</strong></span> <span class='ocrx_word' id='word_1_238' title='bbox 1080 3201 1337 3278; x_wconf 88' lang='lat' dir='ltr'><strong>circumstantias,</strong></span> 
     </span>
     <span class='ocr_line' id='line_1_30' title="bbox 191 3297 1337 3384; baseline 0.002 -20"><span class='ocrx_word' id='word_1_239' title='bbox 191 3302 342 3384; x_wconf 86' lang='lat' dir='ltr'><strong>inquibus</strong></span> <span class='ocrx_word' id='word_1_240' title='bbox 365 3300 448 3364; x_wconf 92' lang='lat' dir='ltr'><strong>nullo</strong></span> <span class='ocrx_word' id='word_1_241' title='bbox 471 3298 559 3362; x_wconf 93' lang='lat' dir='ltr'><strong>modo</strong></span> <span class='ocrx_word' id='word_1_242' title='bbox 578 3302 672 3379; x_wconf 89' lang='lat' dir='ltr'><strong>possit</strong></span> <span class='ocrx_word' id='word_1_243' title='bbox 695 3301 915 3360; x_wconf 89' lang='lat' dir='ltr'><strong>matrimonium</strong></span> <span class='ocrx_word' id='word_1_244' title='bbox 938 3297 1050 3361; x_wconf 88' lang='lat' dir='ltr'><strong>dillcrri</strong></span> <span class='ocrx_word' id='word_1_245' title='bbox 1066 3303 1133 3362; x_wconf 87' lang='lat' dir='ltr'><strong>sine</strong></span> <span class='ocrx_word' id='word_1_246' title='bbox 1147 3299 1337 3378; x_wconf 82' lang='lat' dir='ltr'><strong>scandalo.²)</strong></span> 
     </span>
    </p>
   </div>
   <div class='ocr_carea' id='block_1_3' title="bbox 205 3615 1338 4113">
    <p class='ocr_par' dir='ltr' id='par_1_3' title="bbox 218 3615 1338 4023">
     <span class='ocr_line' id='line_1_31' title="bbox 218 3615 1338 3694; baseline 0.003 -25"><span class='ocrx_word' id='word_1_247' title='bbox 218 3616 240 3683; x_wconf 85' lang='lat'><strong>¹)</strong></span> <span class='ocrx_word' id='word_1_248' title='bbox 259 3616 383 3669; x_wconf 71' lang='lat' dir='ltr'><strong>Fortassis</strong></span> <span class='ocrx_word' id='word_1_249' title='bbox 401 3615 465 3666; x_wconf 89' lang='lat' dir='ltr'><strong>haec</strong></span> <span class='ocrx_word' id='word_1_250' title='bbox 483 3631 539 3666; x_wconf 85' lang='lat' dir='ltr'><strong>essa</strong></span> <span class='ocrx_word' id='word_1_251' title='bbox 558 3623 641 3682; x_wconf 85' lang='lat' dir='ltr'><strong>posset</strong></span> <span class='ocrx_word' id='word_1_252' title='bbox 660 3619 713 3677; x_wconf 87' lang='lat' dir='ltr'><strong>via,</strong></span> <span class='ocrx_word' id='word_1_253' title='bbox 738 3617 759 3666; x_wconf 90' lang='lat' dir='ltr'><strong>si</strong></span> <span class='ocrx_word' id='word_1_254' title='bbox 784 3615 878 3667; x_wconf 86' lang='lat' dir='ltr'><strong>lerniua</strong></span> <span class='ocrx_word' id='word_1_255' title='bbox 896 3625 1003 3668; x_wconf 85' lang='lat' dir='ltr'><strong>voveret</strong></span> <span class='ocrx_word' id='word_1_256' title='bbox 1020 3619 1159 3670; x_wconf 81' lang='lat' dir='ltr'><strong>casiliaiens</strong></span> <span class='ocrx_word' id='word_1_257' title='bbox 1177 3618 1211 3670; x_wconf 83' lang='lat' dir='ltr'><strong>ad</strong></span> <span class='ocrx_word' id='word_1_258' title='bbox 1227 3627 1338 3694; x_wconf 42' lang='lat' dir='ltr'><strong>,tempas</strong></span> 
     </span>
     <span class='ocr_line' id='line_1_32' title="bbox 255 3701 1335 3774; baseline 0.002 -20"><span class='ocrx_word' id='word_1_259' title='bbox 255 3719 280 3754; x_wconf 88' lang='lat' dir='ltr'><strong>v.</strong></span> <span class='ocrx_word' id='word_1_260' title='bbox 299 3719 323 3772; x_wconf 81' lang='lat' dir='ltr'><strong>g.</strong></span> <span class='ocrx_word' id='word_1_261' title='bbox 343 3719 388 3770; x_wconf 86' lang='lat' dir='ltr'><strong>per</strong></span> <span class='ocrx_word' id='word_1_262' title='bbox 406 3717 533 3764; x_wconf 85' lang='lat' dir='ltr'><strong>mensem,</strong></span> <span class='ocrx_word' id='word_1_263' title='bbox 557 3709 582 3752; x_wconf 86' lang='lat' dir='ltr'><strong>et</strong></span> <span class='ocrx_word' id='word_1_264' title='bbox 601 3701 667 3752; x_wconf 85' lang='lat' dir='ltr'><strong>dicat</strong></span> <span class='ocrx_word' id='word_1_265' title='bbox 685 3703 896 3768; x_wconf 86' lang='lat' dir='ltr'><strong>consanguineis,</strong></span> <span class='ocrx_word' id='word_1_266' title='bbox 922 3715 950 3752; x_wconf 85' lang='lat' dir='ltr'><strong>sc</strong></span> <span class='ocrx_word' id='word_1_267' title='bbox 975 3711 1033 3754; x_wconf 81' lang='lat' dir='ltr'><strong>rote</strong></span> <span class='ocrx_word' id='word_1_268' title='bbox 1052 3705 1172 3755; x_wconf 85' lang='lat' dir='ltr'><strong>castitatis</strong></span> <span class='ocrx_word' id='word_1_269' title='bbox 1191 3704 1335 3774; x_wconf 71' lang='lat' dir='ltr'><strong>allegatam</strong></span> 
     </span>
     <span class='ocr_line' id='line_1_33' title="bbox 254 3783 1335 3858; baseline 0.004 -18"><span class='ocrx_word' id='word_1_270' title='bbox 254 3805 318 3850; x_wconf 86' lang='lat' dir='ltr'><strong>esse,</strong></span> <span class='ocrx_word' id='word_1_271' title='bbox 335 3791 483 3856; x_wconf 85' lang='lat' dir='ltr'><strong>jussamque</strong></span> <span class='ocrx_word' id='word_1_272' title='bbox 501 3802 515 3836; x_wconf 92' lang='lat' dir='ltr'><strong>a</strong></span> <span class='ocrx_word' id='word_1_273' title='bbox 534 3785 703 3850; x_wconf 76' lang='lat' dir='ltr'><strong>contessoris,</strong></span> <span class='ocrx_word' id='word_1_274' title='bbox 723 3797 776 3837; x_wconf 91' lang='lat' dir='ltr'><strong>uia</strong></span> <span class='ocrx_word' id='word_1_275' title='bbox 793 3789 886 3854; x_wconf 85' lang='lat' dir='ltr'><strong>nuptiis</strong></span> <span class='ocrx_word' id='word_1_276' title='bbox 899 3783 1044 3857; x_wconf 75' lang='lat' dir='ltr'><strong>abstineret,</strong></span> <span class='ocrx_word' id='word_1_277' title='bbox 1064 3787 1207 3842; x_wconf 76' lang='lat' dir='ltr'><strong>donecvoti</strong></span> <span class='ocrx_word' id='word_1_278' title='bbox 1220 3790 1335 3858; x_wconf 81' lang='lat' dir='ltr'><strong>dispen-</strong></span> 
     </span>
     <span class='ocr_line' id='line_1_34' title="bbox 252 3872 1328 3943; baseline 0.005 -18"><span class='ocrx_word' id='word_1_279' title='bbox 252 3877 316 3926; x_wconf 81' lang='lat' dir='ltr'><strong>satio</strong></span> <span class='ocrx_word' id='word_1_280' title='bbox 343 3876 498 3942; x_wconf 89' lang='lat' dir='ltr'><strong>impetretur.</strong></span> <span class='ocrx_word' id='word_1_281' title='bbox 533 3873 679 3938; x_wconf 75' lang='lat' dir='ltr'><strong>Sclimolap.</strong></span> <span class='ocrx_word' id='word_1_282' title='bbox 704 3874 739 3923; x_wconf 88' lang='lat' dir='ltr'><strong>ut.</strong></span> <span class='ocrx_word' id='word_1_283' title='bbox 769 3872 808 3924; x_wconf 87' lang='lat' dir='ltr'><strong>iu.</strong></span> <span class='ocrx_word' id='word_1_284' title='bbox 835 3889 860 3924; x_wconf 89' lang='grc' dir='ltr'><strong>ιι.</strong></span> <span class='ocrx_word' id='word_1_285' title='bbox 885 3873 928 3925; x_wconf 75' lang='lat' dir='ltr'><strong>el.</strong></span> <span class='ocrx_word' id='word_1_286' title='bbox 968 3874 995 3926; x_wconf 82' lang='lat' dir='ltr'><strong>S.</strong></span> <span class='ocrx_word' id='word_1_287' title='bbox 1021 3873 1122 3943; x_wconf 71' lang='lat' dir='ltr'><strong>Lignor.</strong></span> <span class='ocrx_word' id='word_1_288' title='bbox 1151 3874 1184 3928; x_wconf 83' lang='lat' dir='ltr'><strong>dc</strong></span> <span class='ocrx_word' id='word_1_289' title='bbox 1211 3879 1328 3930; x_wconf 63' lang='lat' dir='ltr'><strong>matrim.</strong></span> 
     </span>
     <span class='ocr_line' id='line_1_35' title="bbox 251 3959 469 4023; baseline 0.005 -13"><span class='ocrx_word' id='word_1_290' title='bbox 251 3975 276 4014; x_wconf 90' lang='lat' dir='ltr'><strong>n.</strong></span> <span class='ocrx_word' id='word_1_291' title='bbox 297 3959 374 4023; x_wconf 81' lang='lat'><strong>1122,</strong></span> <span class='ocrx_word' id='word_1_292' title='bbox 394 3960 469 4011; x_wconf 84' lang='grc'>1123.</span> 
     </span>
    </p>

    <p class='ocr_par' dir='ltr' id='par_1_4' title="bbox 205 4043 941 4113">
     <span class='ocr_line' id='line_1_36' title="bbox 205 4043 941 4113; baseline 0.001 -18"><span class='ocrx_word' id='word_1_293' title='bbox 205 4045 229 4113; x_wconf 78' lang='lat'><strong>⁸)</strong></span> <span class='ocrx_word' id='word_1_294' title='bbox 247 4043 376 4098; x_wconf 88' lang='lat' dir='ltr'><strong>Benedici.</strong></span> <span class='ocrx_word' id='word_1_295' title='bbox 395 4043 460 4097; x_wconf 78' lang='lat' dir='ltr'><strong>xiv,</strong></span> <span class='ocrx_word' id='word_1_296' title='bbox 479 4043 566 4111; x_wconf 79' lang='lat' dir='ltr'><strong>synod.</strong></span> <span class='ocrx_word' id='word_1_297' title='bbox 587 4044 667 4096; x_wconf 88' lang='lat' dir='ltr'><strong>dioec.</strong></span> <span class='ocrx_word' id='word_1_298' title='bbox 686 4043 729 4096; x_wconf 84' lang='lat' dir='ltr'><strong>lib.</strong></span> <span class='ocrx_word' id='word_1_299' title='bbox 747 4044 771 4096; x_wconf 85' lang='lat' dir='ltr'><strong>il.</strong></span> <span class='ocrx_word' id='word_1_300' title='bbox 790 4059 812 4096; x_wconf 88' lang='lat' dir='ltr'><strong>c.</strong></span> <span class='ocrx_word' id='word_1_301' title='bbox 831 4047 855 4098; x_wconf 82' lang='lat'><strong>2.</strong></span> <span class='ocrx_word' id='word_1_302' title='bbox 872 4046 900 4109; x_wconf 75' lang='lat' dir='ltr'><strong>S.</strong></span> <span class='ocrx_word' id='word_1_303' title='bbox 916 4045 941 4096; x_wconf 79' lang='grc'><strong>2.</strong></span> 
     </span>
    </p>
   </div>
   <div class='ocr_carea' id='block_1_4' title="bbox 0 0 1384 4664">
    <p class='ocr_par' dir='ltr' id='par_1_5' title="bbox 0 0 1384 4664">
     <span class='ocr_line' id='line_1_37' title="bbox 0 0 1384 4664; baseline 0 14"><span class='ocrx_word' id='word_1_304' title='bbox 0 0 1384 4664; x_wconf 95' lang='lat' dir='ltr'><strong> </strong></span> 
     </span>
    </p>
   </div>
  </div>
 </body>
</html>
