2764 4664
431 190 488 278 .⁰⁰
507 189 683 244 celebratione
701 189 859 260 Nuptiarum.
1151 169 1215 240 287

75 352 276 428 matrimonii,
312 348 444 432 ideoque
473 348 635 430 parochum
672 367 761 432 posse
796 353 1015 412 matrimonium
1050 354 1131 412 inter
1161 365 1216 414 eos

68 451 184 544 'habere
207 459 349 534 tanquam
372 459 559 516 contractum
582 454 712 534 civilem,
736 451 794 514 lroc
808 457 930 516 omnino
952 471 1020 516 osse
1043 451 1216 538 negandum
1281 483 1287 490 ·

73 555 304 634 respondemus,
328 561 397 638 quia
420 561 463 618 sic
485 556 604 640 agendo
627 555 774 636 parochus
797 555 961 618 catholicus
983 556 1088 620 saltem
1111 555 1216 638 impli-

74 661 134 718 cite
156 655 235 718 hunc
258 657 327 720 iidci
350 659 507 722 articulum
531 664 663 744 negaret.
702 657 740 734 2)
768 657 895 740 insuper
917 657 949 722 C.
973 658 1006 722 O.
1028 659 1061 724 T.
1079 659 1142 740 jam
1165 656 1215 724 die

74 760 126 824 22.
148 760 232 824 lunii
258 757 356 836 1621,
380 761 555 840 declaravit,
587 763 756 826 nullatenus
779 762 890 825 debere
922 762 1083 852 pamelium
1105 745 1215 826 linere-

74 867 203 929 ticorum
227 868 424 936 matrimoniis
446 871 589 928 assistere
600 865 637 944 ¹),
666 870 697 926 et
719 869 827 928 iterum
851 869 883 926 in
904 863 997 930 dubio
1017 865 1216 948 jurisdictio-

74 947 128 1028 nis'
145 964 371 1046 capellanorum
396 974 545 1032 exercitas
568 969 616 1030 die
639 965 668 1032 6.
690 967 788 1030 Martii
816 964 913 1046 1691,
938 987 1005 1032 cum
1029 951 1215 1056 propositum

74 1069 184 1162 luerit:¹
206 1069 439 1150 „AnCapellani
461 1077 604 1136 assistere
627 1075 741 1153 possint
764 1075 961 1134 matrimoniis
970 1069 1215 1138 acatholicorum

71 1189 142 1234 cum
151 1171 334 1238 Acatholicis
357 1179 425 1250 etc,
449 1175 553 1238 eadem
567 1175 770 1258 Congregatio
784 1174 956 1256 respondite
978 1171 1214 1256 „Napetine“²).

73 1261 249 1356 Pipnatelli,
278 1295 373 1360 agens
400 1277 437 1339 de
453 1279 521 1366 'hac
544 1295 596 1359 re,
628 1283 836 1358 quaestionem
866 1283 1022 1360 proponit,
1054 1297 1094 1354 au
1126 1279 1215 1344 liceat

68 1378 202 1460 jungere
225 1387 413 1444 matrimonio
435 1383 550 1462 aliquos
573 1381 739 1444 haereticos
762 1382 817 1444 sub
846 1385 1044 1462 promissione
1066 1379 1215 1443 evadendi

74 1479 260 1561 catholicos,
294 1489 324 1546 et
354 1490 398 1547 sic
420 1485 597 1566 respondet:
630 1483 821 1564 „Videndum
845 1489 926 1565 prius
949 1489 1027 1562 est,
1046 1503 1084 1547 an
1106 1483 1215 1565 liujus-

74 1584 154 1646 modi
179 1591 337 1667 promissio
370 1587 420 1650 liat
442 1607 518 1650 voce
547 1589 597 1650 vel
619 1592 749 1668 scripto,
780 1594 810 1650 et
832 1593 979 1671 quatenus
1002 1590 1130 1666 scripto,
1153 1602 1215 1648 ex-

74 1685 213 1752 hibeatur
245 1691 409 1772 exemplar.
461 1691 513 1754 Est
550 1695 629 1753 enim
667 1690 845 1772 prohibitum
884 1687 1021 1772 parochis
1060 1688 1214 1768 catholicis

73 1795 215 1854 assistere
239 1793 431 1856 celebrationi
461 1798 720 1858 matrimoniorum
742 1792 980 1869 haereticorum,
1010 1797 1068 1856 nisi
1091 1795 1213 1873 praevia

72 1893 275 1975 abjuratione,
316 1899 364 1959 vel
395 1896 463 1958 srdei
497 1895 694 1978 professione.
746 1895 775 1960 Si
809 1902 907 1958 tamen
937 1893 1128 1958 contrahatur
1157 1892 1213 1956 sub

68 1997 233 2075 proedicto
264 2001 453 2078 conditione,
486 2002 535 2062 vel
563 2019 631 2063 cum
660 2007 759 2079 certo,
789 1999 838 2060 vel
867 2001 947 2062 sotis
973 1998 1132 2078 motabili
1160 2015 1214 2077 spe

71 2100 235 2162 reducendi
259 2102 295 2166 ad
318 2088 406 2164 fidem
429 2102 605 2166 catholicam
628 2102 811 2180 haereticos,
835 2106 944 2182 poterit
966 2101 1092 2166 concedi
1115 2100 1214 2164 sacul-

71 2207 117 2264 tas
141 2207 300 2266 assistendi
324 2205 462 2285 prudenti
486 2208 607 2268 arbitrio
626 2205 823 2287 parochorum
832 2205 872 2282 ³).
896 2206 991 2282 Hinc,
1007 2209 1033 2268 si
1056 2211 1142 2266 certo
1161 2200 1214 2284 ¹vel

69 2309 153 2368 satis
171 2307 345 2386 probabilis
368 2309 445 2371 adsit
467 2328 546 2390 spes,
567 2311 654 2391 juxta
676 2307 765 2389 hujus
787 2313 917 2372 auctoris
940 2311 1120 2372 sententiam
1143 2306 1214 2368 licet
1248 2315 1249 2318 ’

66 2409 204 2490 jungere
226 2415 417 2474 matrimonio
434 2411 617 2487 haereticos.;
645 2412 698 2474 sed
722 2430 789 2472 cum
812 2417 916 2474 auctor
938 2410 996 2474 hoc
1018 2405 1211 2491 scripserit4),

70 2515 245 2592 prinsquam
256 2513 284 2577 S.
301 2513 332 2576 G.
347 2515 380 2577 C.
403 2514 536 2578 dedisset
557 2533 733 2596 responsum
758 2519 931 2598 negativum
954 2514 992 2576 de
1014 2513 1063 2576 die
1076 2511 1214 2578 6.lllartil

73 2609 170 2692 1691,
193 2623 427 2694 supracitatum,
451 2619 616 2682 decernere
639 2636 699 2680 non
721 2617 877 2698 audemus,
900 2636 939 2680 an
953 2615 1027 2680 haec
1049 2620 1211 2694 sententia,

69 2717 209 2780 obstante
231 2717 289 2782 hoc
311 2739 466 2802 responso,
491 2721 611 2804 longius
633 2725 727 2802 possit
749 2719 850 2784 haberi
874 2715 1084 2802 probabilist),
1107 2736 1213 2786 necne.

70 2875 278 2886 ——.—-—.

98 2942 121 3008 ¹)
141 2941 193 2996 Lib.
213 2943 252 2995 12.
271 2943 370 2996 Deerat.
389 2961 413 3012 p.
434 2943 491 2996 183.

98 3030 121 3095 ²)
141 3028 193 3082 Lib.
211 3033 252 3084 11.
272 3032 371 3084 Decret.
390 3049 415 3098 p.
433 3031 474 3083 80.
493 3034 518 3083 in
538 3029 668 3084 Thesauro
687 3030 769 3083 Resol.
787 3029 812 3082 S.
831 3027 860 3083 G.
878 3029 906 3082 (1.
926 3037 986 3083 tom.
1006 3027 1035 3084 V.
1054 3047 1079 3100 p.
1098 3028 1158 3084 ils.

96 3115 120 3180 ³)
140 3114 236 3184 Pignat.
255 3126 314 3170 tom.
333 3122 357 3171 7.
377 3115 472 3169 Gouall.
492 3119 533 3171 55.
552 3134 577 3171 n.
599 3118 638 3171 13.

97 3198 122 3266 ⁴)
146 3201 243 3270 Pignat.
261 3203 340 3254 edidit
358 3202 560 3255 Consultationes
579 3219 638 3255 suas
658 3204 776 3268 Venetiis,
795 3205 825 3255 Α.
846 3203 921 3256 issa.

96 3284 119 3352 ⁵)
139 3285 283 3353 Quaeritur,
301 3307 333 3341 an
353 3290 476 3358 parochus
486 3287 630 3342 Catholicus
650 3293 727 3358 possit
745 3290 813 3341 licite
831 3291 946 3341 assistere
964 3289 1129 3340 matrimoniis
1148 3286 1212 3340 liae·
1290 3276 1307 3343 f*
1327 3335 1328 3338 ,

71 3385 74 3392 “
141 3377 286 3439 reticorum,
304 3378 389 3444 quiin
408 3393 453 3428 sua
472 3376 591 3445 parochia
610 3376 853 3447 deguntssanquam
874 3373 1054 3443 parochiano?
1081 3374 1214 3426 Ailirmant
1310 3379 1314 3384 ’

139 3460 277 3528 Layrnann,
295 3461 415 3530 Pirhing,
432 3461 575 3527 Schamboy
594 3471 619 3513 et
636 3462 747 3530 allegant
765 3479 810 3530 pro
834 3479 862 3514 se
880 3463 966 3529 praxim
986 3459 1137 3512 Germaniae
1154 3497 1162 3513 .
1180 3497 1187 3513 .
1205 3497 1213 3513 .

139 3538 189 3600 scd
211 3550 363 3600 contrarium
387 3556 439 3611 eat,
462 3549 530 3615 qnod
554 3557 617 3602 teate
645 3549 758 3600 Vincent.
784 3547 857 3600 Petra
882 3556 941 3602 tom.
968 3550 992 3600 1.
1017 3547 1060 3601 toi.
1084 3549 1127 3601 75.
1144 3563 1170 3600 n.
1188 3547 1213 3600 8.

140 3633 381 3704 plnrierreapondit
399 3632 423 3684 S.
442 3631 471 3686 C.
491 3632 519 3686 G.
538 3637 687 3702 praesertim
705 3634 752 3685 sulr
770 3635 812 3686 dia
830 3638 869 3688 22.
889 3634 958 3688 lunii
980 3634 1054 3697 1621,
1074 3671 1080 3686 .
1099 3671 1105 3684 .
1138 3627 1213 3696 Quod

140 3720 250 3773 extendit
276 3722 318 3770 cit.
335 3717 409 3771 Petra
429 3736 453 3773 n.
472 3737 496 3788 q.
520 3723 597 3773 etiam
622 3720 654 3772 ad
680 3720 734 3772 illas
752 3721 910 3786 Provincias,
936 3723 963 3772 in
990 3719 1081 3788 quibus
1108 3721 1214 3786 impune

137 3815 268 3877 grassatur
294 3807 423 3870 haeresis,
447 3823 493 3875 pro
517 3824 566 3876 quo
584 3807 687 3860 adducit
705 3807 839 3860 Decretum
857 3808 882 3860 S.
902 3805 929 3858 C.
949 3803 969 3858 C
995 3807 1021 3856 in
1040 3803 1170 3868 (laeseras,
1189 3820 1213 3874 a,

140 3895 234 3946 1590.“
269 3893 424 3963 Schmalzgr.
442 3897 479 3948 tii.
498 3895 545 3947 tit.
562 3895 659 3960 11211,
677 3894 736 3946 213.
754 3921 788 3932 -
808 3893 869 3944 Vide
887 3895 961 3946 etlam
980 3899 1040 3944 text.
1058 3888 1116 3944 Cas.
1125 3887 1214 3946 iiiiii.

137 3983 162 4046 s.
181 3979 215 4032 At
233 3978 404 4033 nihilominus.
