2736 4660
565 213 757 275 acrentinam.
1167 189 1231 268 tia

96 383 198 442 timam
223 375 396 440 nuntiando.
440 375 475 467 ln
498 393 625 458 quorum
647 375 737 437 iidem
761 381 816 439 etc.
863 375 970 438 Datum
989 372 1025 434 Ν.
1048 372 1097 434 die
1121 378 1233 438 mensis

98 477 416 552 ...Anno...·¹)

97 621 304 636 «nand—-

123 697 147 762 ὅ)
166 697 190 748 Si
209 697 353 764 Episcopus
371 696 512 748 facultatem
537 695 699 764 dispensandi
719 693 831 764 parocho
849 695 924 747 alieni
946 711 992 764 pro
1008 711 1070 748 caan
1090 694 1233 764 particulari

167 790 191 832 et
208 781 276 833 valet
294 791 318 834 et
335 781 389 833 vuit
406 781 587 852 subdelegare,
606 782 694 834 eodem
713 781 779 848 stylo
797 784 833 832 uti
853 789 947 848 potest,
974 783 1072 832 omissis
1090 781 1139 832 illis
1157 788 1231 848 capta

166 867 197 917 de
216 869 334 935 expositis
356 867 470 936 diligenti
495 868 670 920 informatione
690 877 737 920 etc.
764 883 843 936 usque
868 865 901 917 ad
924 859 1113 918 absolutionem
1135 881 1148 916 a
1169 853 1230 917 den·

167 955 247 1014 suris,
273 970 337 1022 quae
361 955 386 1006 in
411 957 474 1004 serie
499 953 635 1005 litterarum
656 953 844 1022 Episcopalium
869 967 918 1002 non
944 955 1162 1020 praetermittitnr;
1185 951 1231 1004 ab·
1290 1019 1291 1024 1

164 1037 287 1089 solutione
305 1047 386 1089 autem
405 1037 462 1088 data
481 1041 516 1089 sic
534 1043 709 1091 continuatur:
728 1055 777 1099 „uc
795 1047 889 1089 certam
908 1035 940 1088 de
954 1041 1099 1105 praemissis
1117 1040 1230 1088 notitiam
1330 1027 1337 1042 ‘

164 1138 213 1172 non
233 1123 367 1186 habentes,
392 1123 534 1188 hujusmodi
563 1123 786 1192 supplicationibus
811 1123 923 1174 inclinati
942 1123 1083 1176 discretioni
1103 1131 1174 1187 tuae,
1198 1123 1231 1174 de

164 1225 213 1276 qua
239 1211 261 1260 in
290 1208 329 1259 his
352 1210 487 1274 specialem
507 1213 530 1260 in
552 1211 659 1262 Domino
685 1210 800 1260 liduciarn
827 1208 961 1272 habemns,
987 1209 1057 1260 hisce
1075 1208 1231 1260 Auctoritate

164 1293 306 1360 Apostolica
326 1293 482 1358 mandamns,
504 1303 628 1363 qnatenus
646 1296 678 1346 de
697 1298 776 1362 posita
796 1311 841 1362 per
859 1303 883 1346 te
901 1297 968 1346 omni
987 1311 1031 1362 spa
1056 1292 1231 1362 cojuscunque

166 1382 275 1432 nroncris
294 1389 337 1430 aut
355 1383 459 1446 praemii
478 1383 552 1432 etiam
567 1389 656 1446 sponte
674 1380 760 1442 obtati,
780 1395 856 1450 aquo
876 1389 898 1430 te
916 1383 1018 1430 omnino
1032 1379 1156 1432 abstinere
1174 1369 1231 1429 nro-

165 1483 269 1528 nemus,
294 1474 318 1516 te
341 1465 372 1518 de
396 1469 538 1534 praemissis
562 1465 694 1534 diligenter
718 1469 853 1533 iulormes;
878 1471 940 1518 etsi
958 1481 1004 1534 per
1030 1465 1230 1516 informationem

166 1551 271 1610 eandem
292 1567 377 1616 preces
391 1555 497 1602 veritate
515 1553 559 1601 niti
580 1553 702 1619 reperiris,
722 1569 798 1622 super
818 1570 867 1624 quo
880 1554 1059 1604 conscientiam
1077 1561 1146 1602 tuam
1165 1566 1229 1601 one-

166 1652 262 1694 ramus,
281 1645 341 1687 tunc
359 1653 415 1686 cunr
434 1636 521 1688 eadem
541 1635 661 1688 Casimiro
685 1647 709 1687 et
727 1639 799 1689 Anna
824 1637 972 1702 (dummodo
996 1636 1037 1687 illa
1061 1641 1163 1702 propter
1183 1635 1230 1685 hoc

164 1731 233 1788 rupta
253 1739 303 1772 non
324 1723 411 1782 luerit,
434 1731 477 1774 aut
495 1724 515 1774 si
535 1731 604 1790 rupta
624 1723 711 1784 tuerit,
734 1727 758 1774 in
779 1733 901 1790 potestate
919 1725 1024 1790 raptoris
1048 1739 1099 1774 non
1122 1722 1229 1790 amplius

162 1808 271 1869 existat),
289 1807 355 1875 quod
369 1807 548 1874 impedimento
566 1811 647 1878 quarti
666 1816 691 1860 et
711 1813 773 1860 tertii
792 1811 1016 1878 consanguinitatis
1030 1807 1125 1876 gradus
1138 1805 1228 1872 hujus-

162 1893 237 1952 modi,
248 1910 277 1944 nc
286 1892 504 1943 constitutionibus
515 1903 539 1944 et
547 1893 748 1946 ordinationibus
757 1895 914 1963 apostolicis,
930 1895 1084 1963 caeterisque
1097 1895 1227 1944 contrariis

64 2015 71 2028 r
161 1994 319 2046 nequaquam
339 1977 507 2040 obstantibus,
535 1983 717 2032 matrimonium
752 1983 816 2032 inter
840 1996 867 2029 se
891 1979 1005 2046 publice,
1029 1989 1127 2030 servata
1146 1979 1226 2030 forma

164 2061 268 2115 Concilii
284 2063 393 2116 Trident.
404 2063 562 2126 contrahere,
575 2064 686 2134 illudque
697 2067 722 2115 in
734 2066 797 2115 lacie
804 2065 932 2116 Ecclesiae
945 2065 1118 2128 solemnizare,
1128 2075 1153 2116 et
1162 2067 1187 2115 in
1197 2079 1228 2115 eo

161 2148 319 2216 postmodnm
338 2165 472 2200 remanere
485 2147 563 2200 libere
575 2157 600 2200 et
610 2149 677 2201 licite
691 2150 801 2212 valeant,
819 2149 972 2201 nuncnune
981 2149 1132 2215 apostolica,
1150 2165 1226 2218 qnam

159 2233 235 2286 Nobis
252 2237 277 2284 in
296 2234 344 2284 hoc
362 2233 515 2302 generaliter
532 2232 673 2304 delegatam
691 2234 829 2298 habemus,
855 2235 898 2286 tibi
922 2233 1063 2302 specialiter
1082 2237 1226 2286 communi·

158 2337 253 2381 camna,
273 2320 413 2386 dispenses.
432 2320 460 2370 lu
471 2335 577 2387 quornm
588 2319 662 2372 iidem
672 2329 719 2372 etc.
737 2319 826 2372 Datum
847 2318 888 2370 die
903 2356 927 2370 ..
940 2322 1032 2370 mensis
1044 2357 1050 2371 .
1061 2355 1067 2370 .
1077 2355 1083 2368 .
1093 2318 1168 2370 Auno
1180 2357 1186 2372 .
1199 2357 1207 2372 .
1221 2369 1227 2382 ,

225 2405 394 2474 Reiffemtrsel
411 2405 518 2472 append.
535 2407 559 2470 S.
576 2407 616 2457 10.
630 2422 655 2458 ιι.
670 2407 728 2460 505.
746 2404 814 2469 Quas
833 2406 1013 2456 commissionis
1030 2405 1126 2458 litteras
1145 2405 1220 2456 debet
1239 2431 1244 2447 s

157 2491 334 2560 subdelegatus
353 2494 453 2542 mutatis
471 2491 596 2542 mutandis
614 2493 703 2560 exequi
722 2499 747 2544 et
763 2494 790 2544 in
808 2494 955 2544 executione
973 2491 1114 2554 etausutas,
1134 2500 1158 2542 et
1177 2491 1225 2543 alia

159 2576 317 2629 observanda
335 2576 485 2640 observare,
508 2579 575 2628 sicut
592 2573 750 2645 apostolicas
768 2578 963 2646 dispensationis
980 2577 1075 2629 litteras
1094 2579 1227 2647 exequitur

164 2661 246 2730 Papae
266 2661 406 2732 [inlegatus.
425 2680 450 2716 v.
467 2679 492 2732 g.
512 2661 623 2715 Vicarius
642 2661 779 2716 Generalis.
