2764 4664
430 333 435 345 ⁷
469 308 548 366 &aaa
566 309 771 362 matrimoniales.
1128 289 1194 358 290

51 467 223 542 contrahat,
255 469 326 530 licet
348 471 569 531 matrimonium
597 467 732 530 illicitum
763 470 818 543 sit,
847 471 881 528 ut
908 465 1067 548 reprobato
1089 463 1197 528 Pontio

55 571 106 635 lib.
132 573 161 634 7.
185 571 222 634 de
246 573 372 633 matrim.
396 590 421 634 c.
446 567 497 634 53.
522 588 551 634 n.
574 568 603 634 5.
628 574 659 630 et
681 565 711 632 6.
740 572 789 631 cui
810 568 922 650 placuit
943 568 1056 632 nullum
1087 568 1196 632 dicaui-

52 673 124 736 dum
138 691 207 738 esse
223 678 455 753 matrimonium,
468 673 634 736 defendunt
648 671 770 736 Barbos.
784 677 816 734 tn
832 689 895 754 cap.
910 669 1056 735 Dominus
1068 690 1150 735 nura.
1164 669 1194 736 3·

58 776 96 838 de
120 777 244 840 senuna
268 784 366 858 nupto
390 776 473 838 Boss.
486 793 569 857 oper.
585 775 688 838 moral.
704 781 776 840 tom.
794 773 821 838 1.
845 793 872 858 p.
887 771 915 838 2.
935 781 964 850 ς.
978 771 1029 839 51.
1053 794 1083 837 n.
1105 771 1193 839 1202.

52 879 139 944 (iord.
164 878 202 942 da
218 879 325 943 Loutia
347 883 378 940 in
397 875 427 942 4.
446 884 573 942 sentent.
596 885 667 940 tom.
682 876 711 942 3.
730 876 768 939 de
787 882 913 942 matrim.
933 875 1009 960 disp.
1023 877 1075 942 ⁴24.
1096 884 1150 940 art.
1166 875 1195 941 5.

52 1002 81 1046 n.
110 979 178 1046 129.
203 982 358 1066 Pignaiellt
381 981 508 1044 consult.
533 979 583 1045 73.
608 1001 636 1042 n.
663 978 710 1043 11.
733 985 805 1044 tom.
829 978 859 1045 9.
892 980 1028 1044 Clerioat.
1052 979 1090 1042 de
1112 981 1193 1046 Saor.

53 1090 139 1148 matr.
164 1085 227 1150 doc.
251 1082 302 1148 29.
327 1105 354 1147 n.
378 1078 431 1146 ta.
454 1090 485 1145 et
505 1083 633 1148 discord.
659 1083 715 1146 lor,
738 1102 799 1164 par.
824 1081 857 1147 5.
883 1080 1011 1148 discord.
1035 1079 1087 1146 42.
1110 1099 1139 1148 n.
1162 1082 1193 1159 2.

54 1187 137 1252 llaac
166 1187 314 1252 defensor,
360 1188 502 1251 iudicent
531 1192 624 1271 igitur
654 1186 801 1250 Eminent.
835 1185 951 1249 Patres:
998 1186 1045 1248 An
1077 1189 1195 1249 conum

53 1293 92 1354 de
120 1291 255 1358 nullitate
284 1295 462 1354 matrimonii
492 1295 521 1351 in
550 1306 622 1351 casu
650 1295 706 1350 eto.
752 1287 839 1369 Resp.
868 1287 916 1350 dle
947 1285 967 1352 9
997 1288 1076 1370 Sept.
1113 1286 1194 1352 1752

55 1396 260 1476 „Nc9atioc“.
274 1394 300 1472 ¹)
390 1439 396 1445 -

533 1546 648 1610 Casus
672 1545 720 1609 ΙΧ.

71 1690 245 1766 conditio,
262 1693 392 1766 matus,
411 1688 695 1763 consanguinitas
711 1687 750 1746 in
767 1685 922 1747 secundo
939 1687 1181 1761 modalium

146 1778 380 1852 transversae,
404 1775 599 1851 periculum
615 1772 863 1850 perversionia,
882 1771 1105 1850 dispensatio.

141 1931 275 1995 Joanrres
296 1933 448 1996 Antonius
474 1929 554 1994 Baur
582 1927 752 1993 Cathollcus
781 1932 812 1990 tn
842 1925 976 1991 dioecesi
1006 1925 1196 2008 Eystadisnsl

53 2038 150 2110 ortus,
173 2041 329 2116 postquam
347 2053 442 2098 annos
465 2039 593 2115 quatuor
609 2037 796 2114 transegerat
818 2033 849 2092 ln
863 2029 1005 2105 saxonia,
1028 2029 1079 2092 ubi
1101 2035 1196 2092 artem

52 2135 175 2197 texendi
206 2155 316 2216 paruos
340 2129 522 2215 exercebat}
550 2153 613 2198 rem
636 2133 738 2196 habult
767 2151 834 2195 oum
858 2132 1005 2196 Christian
1033 2131 1195 2196 haeresco.

52 2236 256 2310 Quamobrem
275 2243 363 2321 jussu
386 2245 578 2324 magistratus
601 2242 632 2298 in
655 2253 807 2298 carcerem
832 2237 997 2318 conjectus,
1020 2235 1092 2299 tuda
1114 2235 1195 2298 nta-

50 2345 113 2402 rari
138 2359 198 2402 non
221 2341 330 2420 valuit,
361 2347 419 2405 nisi
443 2347 596 2404 contracto
626 2359 693 2403 cum
717 2339 823 2402 cadom
851 2338 962 2400 femina
993 2341 1194 2402 matrimonio.
1241 2329 1243 2332 ⁵

50 2441 94 2505 lta
126 2443 241 2505 scilicet
267 2446 385 2526 juratus
412 2463 512 2509 coram
540 2443 688 2526 Episcopo
717 2441 907 2524 Eystadiensl
939 2439 1099 2506 affirmavit
1128 2437 1220 2522 ipso'

48 2547 186 2610 ioannes
209 2545 357 2610 Antonius
379 2545 467 2626 Baur,
491 2551 579 2627 eique
602 2545 819 2627 adstipulantur
839 2551 900 2606 tros
924 2549 1016 2606 testes
1032 2541 1215 2624 Luiheranl,

49 2651 81 2711 in
101 2648 233 2713 Saxonis
257 2659 417 2728 morantes,
443 2654 493 2732 qul
514 2649 551 2712 ad
569 2649 728 2711 articulum
750 2651 795 2710 cis
811 2646 850 2710 de
866 2651 978 2728 scripto
998 2650 1193 2728 propositum,

49 2756 102 2828 iia,
129 2756 310 2833 interposito
328 2751 536 2837 jurejurando,
563 2752 799 2834 responderunt:
828 2749 892 2816 Hoc
916 2755 1059 2814 testamur
1081 2754 1112 2812 tn
1134 2767 1195 2812 no-

49 2861 114 2919 sira
137 2855 216 2919 bona
239 2861 432 2935 conscientia,
458 2856 536 2936 quod
558 2855 690 2919 ioannes
711 2855 789 2918 Baur
811 2875 828 2918 a
851 2857 1026 2938 magistratu
1048 2853 1196 2919 saeculari

50 2963 176 3020 coactus
200 2957 290 3021 luerit
313 2951 538 3021 adducendam
561 2957 749 3020 christinam.

139 3059 267 3142 Nuptiae
288 3065 389 3141 itaque
411 3066 503 3124 initae
525 3062 645 3125 luerunt
663 3079 763 3126 coram
787 3064 922 3123 ministro
941 3057 1118 3135 anatholium
1142 3057 1197 3122 sod

50 3167 81 3225 in
105 3181 159 3228 eas
182 3168 337 3226 consensit
350 3164 481 3228 ioannes
493 3164 644 3228 Antonius
666 3164 722 3226 sub
742 3164 914 3228 conditione
936 3163 983 3228 his
997 3162 1097 3226 verbis
1120 3159 1197 3226 oon-

49 3271 154 3347 cepta:
193 3265 382 3346 „Chrtsiina,
412 3272 437 3330 si
467 3287 514 3330 me
543 3273 646 3330 secuta
675 3267 769 3330 tueris
792 3268 840 3329 vel
869 3273 1006 3350 sequeris
1037 3271 1069 3328 ln
1098 3283 1195 3328 meam

51 3373 179 3449 patriam
203 3369 395 3447 catholicam,
428 3377 458 3430 et
487 3371 613 3434 eandem
641 3369 730 3432 tidem
760 3371 898 3452 amplexa
930 3371 1040 3448 laerta,
1073 3368 1142 3432 volo
1166 3372 1196 3430 ta

51 3472 182 3550 ducere,
215 3479 245 3534 et
268 3491 352 3536 more
375 3473 526 3537 Catholico
548 3475 622 3537 inibi
646 3473 715 3537 volo
738 3473 995 3537 sacramentaliter
1018 3477 1116 3534 tecum
1138 3489 1196 3533 co-

50 3575 161 3657 pulari,
187 3581 217 3636 ct
239 3577 292 3653 sic,
319 3580 349 3636 et
372 3595 431 3640 non
454 3576 540 3639 aliter
561 3576 659 3639 valeat
682 3577 886 3638 contractus.“
927 3575 969 3640 lia
991 3593 1055 3638 rem
1078 3577 1195 3658 gestam

51 3680 148 3742 luisse
176 3677 296 3758 juratus
329 3679 406 3758 apud
440 3686 504 3742 acta
536 3679 644 3742 Curiae
676 3677 861 3759 Episcopalis
893 3683 1033 3760 exposuit
1062 3675 1194 3742 ioannes

50 3783 221 3858 Antonius,
252 3779 438 3864 subjungens
462 3787 566 3862 attam,
601 3783 835 3846 declarationem
856 3781 938 3844 illam
968 3787 1038 3845 tunc
1061 3779 1194 3848 luisses
1263 3845 1265 3850 ,

51 3883 203 3947 Christina
226 3887 418 3962 acceptatam.
1162 3880 1172 3888 ’“

37 4101 52 4107 ,.
79 4069 102 4135 ¹)
122 4067 347 4122 Themanfflerol.
365 4067 391 4122 S.
410 4068 439 4122 G.
457 4069 487 4124 G.
506 4079 566 4126 ion.
587 4073 627 4126 lii.
646 4090 672 4142 p.
689 4074 735 4128 tt.
752 4081 778 4125 at
796 4073 855 4127 ita.
