2746 4646
167 193 221 262 66Χ
436 210 473 262 lte
490 209 675 278 impedimentis
693 209 887 278 impedientibus
904 211 931 262 in
948 209 1041 278 speeie.

166 367 287 430 videtur
308 367 431 444 obesse,
462 371 621 448 quominus
641 368 917 447 proclamationes,
942 368 1033 428 etiam
1056 366 1180 444 quando
1202 367 1307 444 aanor

166 473 205 534 de
226 473 432 534 matrimoniis
454 473 572 545 mistis,
595 471 684 544 liant3
708 486 785 548 quae
808 476 906 530 tamen
929 471 1120 530 matrimonia
1143 467 1225 530 nollo
1249 467 1306 529 ad-

166 573 261 638 hibito
282 573 428 656 religioso
450 577 508 634 ritu
530 573 676 634 celebrari
699 571 863 654 oportet.¹)

195 797 216 864 ¹)
233 795 297 847 Huic
326 793 490 845 declarationi
522 792 688 844 adversantur
714 795 854 844 sententiae
881 793 988 858 plurium
1013 801 1159 856 auctorum,
1183 797 1224 861 qui
1244 793 1305 844 alias

233 881 415 932 declarationes
440 879 581 946 proteruu13
605 881 671 930 inter
694 879 756 930 alios
775 879 806 938 H.
826 879 850 930 J.
868 878 935 944 Feye
958 879 1056 930 dissert.
1083 881 1115 931 de
1139 882 1304 933 matrimoniis

234 969 316 1018 mixtis
335 968 359 1016 in
378 963 492 1015 Univers.
510 963 659 1015 Lovanicnsi
680 965 745 1016 tels
770 964 802 1014 ad
821 964 940 1028 dubium,
964 982 997 1016 au
1021 967 1074 1018 lieri
1099 969 1197 1033 possint
1215 965 1304 1015 solitae

156 1059 157 1062 ’
235 1053 450 1112 denuntiationes,
468 1052 512 1100 sic.
531 1066 610 1116 resp:
639 1049 811 1118 „Principium
830 1061 880 1116 cst,
899 1051 951 1102 fieri
970 1068 1012 1102 eas
1032 1069 1082 1102 uon
1103 1067 1192 1117 posse,
1220 1067 1305 1118 neque

214 1149 218 1155 ·
237 1139 384 1188 hic'itrrum
398 1135 535 1204 quidquam
548 1136 635 1197 ellicit,
654 1135 721 1204 quod
741 1153 785 1202 pro
801 1139 965 1187 matrimoniis
981 1138 1069 1188 illicitis
1086 1136 1221 1206 aliquando
1238 1137 1305 1186 tole-

235 1232 304 1274 ratae
322 1223 414 1273 fuerint
431 1232 456 1272 et
473 1219 612 1271 tolerentur
629 1224 655 1271 in
671 1221 798 1273 nonnullis
818 1221 975 1290 regionibus3
995 1223 1026 1272 ad
1045 1239 1169 1274 summum
1186 1223 1304 1272 toleran-

237 1315 276 1360 tia
298 1311 412 1360 invocari
437 1315 527 1374 potest.
545 1346 552 1358 .
571 1345 577 1357 .
597 1346 603 1358 .
622 1307 658 1357 lta
678 1305 730 1370 jam
756 1309 781 1357 in
806 1307 994 1375 dispensatione
1018 1309 1054 1360 Pii
1073 1309 1114 1360 Vl.
1138 1309 1164 1372 (a
1185 1303 1304 1358 Carribre

233 1399 306 1448 citata
325 1413 349 1446 n.
368 1395 432 1458 tsi)
456 1393 545 1443 dicitur
567 1395 688 1452 „omissis
710 1392 794 1442 solitis
817 1395 1075 1445 denuntiationr'dus“
1099 1396 1134 1462 (p.
1154 1395 1205 1445 234
1231 1393 1303 1444 addit

234 1483 298 1536 duos
317 1482 379 1533 alios
398 1495 471 1532 casus
490 1478 652 1546 particulares
670 1496 727 1530 mum
746 1482 832 1532 eadem
852 1481 990 1544 clausula).
1010 1486 1044 1520 ω’
1062 1497 1087 1547 p.
1106 1482 1169 1541 242,
1189 1480 1249 1530 243.
1269 1507 1304 1516 -

232 1568 302 1618 idem
322 1569 397 1616 sentit
414 1565 518 1631 linopp,
544 1567 669 1614 rcuritteus
694 1565 811 1616 lectorem
836 1566 867 1616 ad
890 1575 1022 1616 tractatum
1047 1565 1079 1618 de
1104 1568 1185 1618 mixtis
1211 1567 1303 1614 niatri-

233 1656 323 1704 moniis
343 1660 406 1702 auct.
427 1650 469 1701 Dr.
487 1649 513 1700 P.
533 1649 561 1700 li.
580 1651 745 1718 Reinerding,
769 1650 921 1702 Paderborn.
943 1653 1016 1704 1853.
1040 1654 1082 1722 qui
1109 1651 1301 1702 evidentissime

234 1737 373 1790 ostendisse
396 1735 502 1798 dicitur,
526 1736 733 1802 proclamationes
757 1753 813 1786 esse
837 1737 982 1803 prohibitas.
1001 1767 1036 1774 -
1054 1757 1079 1805 p.
1098 1737 1155 1789 380.
1174 1766 1208 1775 —
1229 1736 1301 1786 Idem

234 1826 376 1874 invenimus
400 1824 426 1872 iu
449 1821 508 1872 lust.
535 1829 626 1886 pastor.
644 1821 795 1887 Epstettens.
821 1839 844 1890 p.
863 1825 927 1876 357:
959 1823 1005 1885 „ln
1029 1823 1194 1876 matrimoniis
1219 1825 1303 1871 mixtis

236 1909 441 1976 proclamationes
460 1909 560 1976 quidem
572 1908 727 1972 tolerantur,
746 1907 793 1959 bac
807 1919 891 1960 tamen
909 1910 1020 1960 clausula
1039 1925 1167 1976 expressa,
1185 1917 1213 1959 ut
1231 1907 1303 1958 nulia

201 1995 202 1998 ’
238 1997 269 2046 de
287 1995 407 2062 religione
431 1993 632 2044 contrahentium
659 1997 753 2044 mentio
773 1994 847 2058 nisum
870 1999 944 2046 citata
963 1996 1036 2046 lustr.
1056 1996 1168 2064 Gregorii
1188 1994 1255 2046 xvl.
1274 1995 1301 2046 P.

234 2081 266 2132 ad
290 2081 408 2146 Episcop.
432 2078 555 2130 Bavariae
581 2079 619 2128 12.
639 2078 706 2146 Sept.
727 2080 801 2132 leat.
824 2110 859 2118 -
883 2079 953 2143 Quae
977 2083 1077 2143 ouinia,
1101 2090 1128 2132 ut
1150 2097 1225 2132 nemo
1251 2096 1302 2130 nou

207 2221 210 2230 ,
233 2167 316 2228 videt,
338 2164 528 2216 contradictorie
547 2162 711 2214 adversantur
729 2165 891 2216 declarationi
916 2176 1014 2217 nostrae
1033 2183 1048 2218 a
1067 2165 1145 2234 Gong.
1174 2165 1206 2216 de
1224 2165 1302 2232 Prop'.

233 2253 294 2303 Fide
312 2252 400 2313 datae,
419 2265 484 2318 quae
502 2247 644 2298 nullatenus
663 2257 700 2297 est
718 2249 843 2319 arribigua.
863 2251 940 2314 Hinc,
959 2255 1005 2304 nisi
1026 2255 1191 2320 suspicamur,
1211 2254 1300 2300 citatos

232 2347 345 2389 auctores
365 2339 389 2386 iu
408 2333 612 2385 conclusionibus
631 2335 681 2384 suis
700 2352 731 2385 en
746 2333 957 2388 declarationibus
972 2355 1017 2389 seu
1032 2339 1159 2404 rescriptis
1174 2337 1217 2387 SS.
1232 2337 1301 2386 Pon-

233 2425 325 2478 tificum
351 2437 463 2480 errasse,
488 2420 581 2487 duplici
607 2419 681 2469 modo
704 2419 778 2471 videl.
809 2424 835 2487 1)
861 2423 927 2492 quod
952 2425 1039 2474 attinet
1062 2423 1263 2490 dispensationes
1288 2439 1302 2472 a

232 2511 273 2560 Dr.
285 2509 351 2574 Feye
369 2507 460 2558 relatas
479 2505 612 2556 dicendum
632 2509 687 2568 erit,
705 2523 748 2558 eos
767 2525 824 2560 esse
841 2525 912 2560 casus
932 2508 1093 2576 particulares
1112 2524 1170 2560 cum
1185 2511 1299 2559 circum-

185 2641 188 2651 ,
233 2595 329 2646 stantiis
349 2592 555 2660 particularibus,
581 2609 611 2643 ex
630 2592 720 2660 quibus
738 2593 826 2662 regula
843 2595 968 2662 generalis
987 2589 1043 2644 cum
1063 2593 1212 2660 certitudine
1231 2592 1302 2644 deri-

233 2683 285 2731 vari
310 2695 361 2729 non
381 2687 475 2745 potest3
500 2681 528 2742 2)
547 2677 629 2746 quoad
655 2677 748 2730 declar.
768 2675 841 2748 Greg.
860 2679 923 2728 xvt.
950 2683 975 2729 in
995 2680 1042 2730 hoc
1068 2696 1137 2730 error
1159 2683 1220 2730 situs
1247 2695 1302 2730 esse

231 2765 345 2826 videtur,
375 2763 443 2832 quod
469 2763 504 2813 illi
531 2771 645 2813 auctores
669 2779 719 2813 non
746 2763 911 2816 distinxerunt
934 2767 999 2816 inter
1026 2767 1184 2816 matrimonia
1211 2767 1301 2828 mixta,

233 2865 313 2920 quae,
330 2849 398 2900 'datis
417 2848 575 2899 cautionibus
594 2857 619 2898 et
632 2848 820 2916 dispensatione
839 2850 870 2902 dc
888 2847 1112 2903 vetito'Ecclesiae
1130 2851 1241 2911 obtenta,
1263 2853 1302 2900 in-

230 2943 336 2997 euntur,
355 2942 379 2983 et
398 2949 442 2996 ea,
460 2951 526 3002 quae
543 2937 599 2986 sine
616 2935 664 2985 illis
682 2935 840 2987 cautionibus
857 2947 945 2988 contra
964 2940 1067 2988 vetitum
1086 2936 1217 2988 Ecclesiae
1237 2952 1302 2987 con-

231 3021 375 3084 trahuntur3
394 3019 530 3089 Gregorius
539 3021 603 3074 XVl.
614 3021 682 3090 loqui
693 3022 765 3074 nobis
777 3022 875 3074 videtur
892 3022 924 3074 dc
936 3022 985 3086 his,
1003 3039 1055 3074 nou
1070 3023 1101 3074 de
1116 3023 1174 3086 illis,
1194 3025 1301 3089 permit-

231 3115 296 3169 tens,
315 3106 528 3170 denuntiationes,
547 3109 622 3158 etiam
636 3107 689 3158 lieri
701 3123 783 3175 posse,
803 3111 822 3158 si
837 3111 891 3160 siue
906 3107 1094 3176 dispensatione
1109 3107 1301 3172 cointrahantur,

230 3193 260 3243 ad
279 3192 396 3258 scandala
415 3201 439 3244 et
457 3193 545 3244 similia
565 3193 689 3244 evitanda.
708 3195 750 3245 Sic
768 3197 834 3245 enim
854 3202 975 3262 apparet,
997 3195 1019 3244 si
1038 3193 1151 3259 ejusdem
1171 3192 1299 3244 Pontificis

228 3277 310 3330 Breve
334 3277 365 3328 ad
383 3277 501 3346 Episcop.
521 3277 644 3330 Bavariae
663 3281 703 3330 27.
722 3277 779 3343 Maji
807 3281 871 3331 1832
896 3279 1023 3331 conlector
1046 3297 1103 3331 cuin
1127 3280 1302 3332 declaratione

230 3363 289 3414 data
309 3364 385 3416 test.
403 3365 431 3416 ln
451 3368 534 3433 priore
553 3365 702 3417 documento
721 3365 745 3416 S.
759 3365 785 3417 P.
798 3367 833 3417 sic
851 3369 949 3416 statuit:
970 3365 1021 3430 „At
1040 3381 1099 3418 vero
1119 3369 1139 3416 si
1159 3381 1209 3418 non
1230 3382 1300 3417 nun-

227 3467 302 3519 quam
321 3453 468 3520 contigerit,
487 3449 554 3520 quod
566 3450 633 3500 Deus
652 3460 762 3514 avertat,
786 3459 814 3502 ut
832 3453 925 3502 monita
944 3461 968 3504 et
987 3452 1175 3504 adhortationes
1204 3450 1298 3516 hujus-

226 3537 294 3588 modi
313 3540 337 3588 in
356 3539 455 3588 irritum
473 3537 573 3598 cadant,
598 3545 621 3586 et
640 3537 776 3588 catholicus
794 3536 884 3605 aliquis
903 3539 940 3588 vir
965 3537 1071 3589 muliere
1090 3537 1209 3588 recedere
1238 3537 1300 3588 nolit

227 3639 242 3673 a
261 3639 380 3690 perverso
400 3638 445 3673 suo
464 3623 568 3673 consilio
586 3623 688 3672 ineundi
707 3625 796 3673 mixtas
816 3625 914 3689 nuptias
934 3639 985 3673 non
1001 3627 1092 3690 petita,
1113 3639 1158 3672 seu
1176 3639 1227 3673 non
1246 3627 1297 3672 im—

226 3717 332 3774 petrata
350 3707 485 3758 Ecclesiae
503 3709 693 3773 dispensatione
711 3708 751 3758 ael
767 3709 860 3758 debilis
878 3709 1043 3760 cantionibus
1066 3725 1111 3758 sca
1130 3723 1222 3758 casnm
1244 3709 1297 3760 als'-

227 3809 278 3861 qna
295 3796 494 3860 praetermissa,
516 3799 575 3842 tunc
593 3807 654 3842 sane
672 3796 736 3844 sacri
756 3797 861 3861 pastoris
884 3795 996 3846 officium
1015 3797 1074 3855 erit,
1101 3794 1230 3846 abstinere
1247 3809 1297 3846 nou

228 3877 307 3928 solum
322 3895 336 3928 a
349 3879 509 3928 matrimonio
521 3879 576 3944 ipso
588 3893 633 3928 sua
645 3863 787 3945 praesentia
802 3879 967 3942 honestando,
987 3881 1032 3932 sed
1041 3883 1119 3932 stiam
1133 3895 1151 3930 n
1165 3883 1296 3947 praenit-

228 3964 310 4013 tendis
321 3964 401 4014 estem
412 3963 657 4031 proclamationibus
668 3973 744 4032 atque
754 3981 767 4015 a
779 3965 984 4021 dimissorialibus
993 3969 1080 4022 litteris
1090 3966 1298 4018 concedendis...
