2736 4660
555 229 749 290 boamundum.
1097 182 1103 191 ¹
1161 211 1223 310 401

94 405 199 470 cepo,
222 393 344 452 nomiae
366 389 525 454 oraturum
553 388 678 454 Joanuis
700 387 738 450 N.
765 393 796 450 et
817 385 930 452 Mariae
956 386 992 452 N.
1022 389 1060 452 de
1088 391 1228 472 parocbia

25 516 27 527 ν
93 490 131 557 N.
152 490 188 554 N.
210 491 298 573 buius
320 491 476 554 Dioeeesis
498 489 552 570 N.,
586 489 667 573 quod
697 493 755 572 ipsi
777 489 850 552 alias
872 493 1003 554 scientes
1031 509 1066 554 se
1095 493 1228 576 secundo

95 597 365 676 consanguinitatis
388 594 486 676 gradu
503 615 524 674 ,a
547 598 698 657 cummuni
722 595 822 672 stipite
844 577 1008 674 aequaliter
1031 597 1228 674 proveniente

94 699 224 757 invicem
247 714 315 758 asse
338 697 526 778 conjunctos,
550 697 804 777 dispensationem
832 693 1132 766 allevarendissima
1157 695 1229 758 Cle-

99 803 211 862 mentia
243 795 349 862 Vestra
383 799 427 870 ad,
451 798 549 862 valida
579 804 658 863 inter
681 816 715 860 sa
738 800 958 861 matrimonium
982 798 1227 876 contrabendum,

92 899 175 962 dictu
197 901 412 980 impedimento
441 917 501 962 uon
525 900 676 976 obstante,
700 899 945 982 postulaverunt,
979 901 1047 980 sed,
1077 902 1227 983 repulsam

93 988 190 1081 passi,
224 1008 294 1064 tune
317 1004 470 1066 obcaecati
491 1019 602 1066 vesana
634 1001 757 1065 libidine
788 1022 823 1064 ac
853 1007 1052 1067 circumventi
1081 1003 1226 1068 diabolica

94 1103 201 1168 lraude
223 1123 324 1168 euram
348 1110 523 1190 magistratu
547 1104 627 1167 cirili
660 1109 880 1168 matrimonium
912 1107 1117 1190 incestuosum
1151 1125 1228 1170 eon·
1331 1134 1335 1142 ¹

93 1213 268 1287 traxerunt,
301 1228 336 1272 au
358 1211 662 1284 consummaverunt,
695 1225 733 1268 ex
755 1225 814 1288 quo
834 1208 895 1289 jam
918 1213 980 1272 tres
1002 1209 1150 1270 interdum
1175 1209 1227 1272 lilii

96 1310 134 1372 ab
156 1315 230 1392 ipsis
253 1315 384 1392 suscepti
415 1316 493 1374 sunt.
523 1309 609 1372 Nunc
631 1327 717 1386 reru,
749 1327 788 1370 ex
810 1309 1070 1390 superabundante
1087 1310 1143 1372 Dei
1166 1315 1228 1372 mi-

92 1413 267 1491 sericordia,
292 1413 329 1474 de
352 1414 487 1493 periculo
510 1412 614 1474 salutis
636 1415 778 1474 aeternae
807 1411 895 1476 valde
924 1417 1082 1487 timentem
1116 1431 1227 1496 magno

92 1521 164 1578 sunt
185 1519 325 1579 commoti
349 1516 453 1578 dolore
476 1515 515 1576 ob
538 1519 703 1576 anteactam
726 1516 828 1589 vitam,
851 1533 919 1576 cum
942 1519 1053 1592 autem,
1086 1519 1111 1576 si
1137 1533 1227 1596 sepa-

95 1621 173 1680 ratio
196 1623 276 1680 inter
308 1634 361 1680 eus
391 1617 492 1696 lieret,
525 1620 629 1700 gravia
657 1615 766 1678 exinde
797 1616 936 1679 scandala
968 1621 1135 1692 orirentur3
1173 1636 1230 1680 neo

92 1737 154 1782 non
183 1739 324 1803 magnum
355 1719 494 1782 damnum
523 1725 695 1802 emergeret
724 1718 828 1782 liberis
856 1723 939 1798 suis,
973 1723 1003 1780 in
1038 1723 1228 1782 matrimonio

93 1840 167 1887 veru
189 1838 416 1885 remanerenun
433 1825 546 1901 possint
568 1822 681 1902 absque
696 1820 929 1902 dispensatione,
951 1821 1125 1902 supplicant,
1150 1841 1228 1904 qua·

95 1930 183 1986 tenus
207 1923 370 1987 Clementia
393 1923 499 1987 Vestra
523 1942 591 1985 eum
612 1928 697 2004 ipsis,
722 1933 753 1986 ut
776 1929 894 1988 servata
926 1923 1022 1987 formu
1045 1924 1134 1988 Cone.
1158 1925 1228 1986 Tri-

93 2023 207 2088 dentini
237 2031 357 2090 omissis
388 2032 485 2090 buren
519 2026 644 2108 publicis
671 2025 968 2106 denuntiationibus,
1004 2032 1226 2090 matrimonium
1257 2079 1258 2082 ,

90 2133 232 2205 invicem,
255 2146 405 2192 consensu
428 2133 582 2203 renovato,
606 2129 801 2206 contrahere,
834 2147 869 2190 ac
891 2133 922 2190 in
946 2146 983 2193 eo
1005 2147 1163 2192 remanere
1186 2129 1227 2190 li-

91 2231 165 2294 bere
188 2237 218 2293 et
236 2233 320 2308 ¹licite
343 2231 480 2309 valeant,
513 2229 686 2311 dispensare
709 2231 866 2316 dignetur,
906 2229 1007 2294 addito
1034 2235 1159 2312 insuper
1187 2247 1227 2300 er

92 2341 176 2414 parte
199 2335 386 2418 infrasignati
408 2331 464 2397 hoc
487 2338 611 2413 motivo,
635 2333 725 2416 quod,
748 2337 804 2398 nisi
828 2332 1009 2414 dispensatio
1035 2331 1226 2409 concedatur,

92 2435 180 2498 valde
201 2435 365 2498 timendum
388 2434 476 2512 foret,
500 2452 541 2495 ne
561 2443 696 2500 oratores
718 2440 750 2498 in
773 2435 832 2498 fide
854 2439 977 2498 omnino
1007 2439 1227 2518 pervertantur,

94 2545 124 2599 et
147 2538 185 2600 ab
207 2557 242 2600 ea
265 2537 415 2616 deficiant,
441 2555 500 2600 una
522 2556 589 2600 cum
612 2539 681 2602 filiis
703 2543 861 2619 susceptis,
885 2556 952 2602 cum
974 2535 1228 2602 interAcatboli-

6 2717 8 2724 Ι
91 2657 146 2704 cos
169 2645 199 2702 et
221 2639 358 2703 infideles
379 2639 500 2722 degant.
525 2639 580 2703 Pro
603 2659 661 2722 qua
683 2647 779 2726 gratia
803 2635 860 2704 et'c.

313 2743 497 2806 Clementiae
520 2741 647 2807 Vestrae
670 2745 923 2812 submississimus
946 2749 1003 2808 eto.

92 2939 124 3002 oi
142 2935 307 2996 normula
332 2949 396 3012 pro
414 2933 673 3010 dispensatione
697 2933 886 2995 obtinenda
908 2933 947 2994 in
973 2933 1222 3008 impedimento

504 3019 660 3081 criminis
678 3021 822 3081 oeculto.

182 3132 443 3198 Reverendissime
466 3139 497 3196 et
519 3132 757 3197 clementissime
781 3135 816 3198 D.
839 3135 873 3198 D.
898 3133 1060 3215 Episcope!

179 3237 274 3299 'litius
296 3235 406 3318 etGaja
427 3239 548 3298 vivente
570 3236 664 3299 adhuc
694 3242 789 3317 prima
819 3239 888 3301 'litii
912 3238 1043 3318 conjuga
1071 3235 1230 3296 carnaliter

91 3355 162 3401 sesa
184 3323 446 3422 cognoverunt'et
468 3339 524 3401 sibi
546 3338 635 3402 fidem
657 3343 787 3404 invicem
811 3339 966 3418 dederunt,
991 3338 1029 3400 de
1041 3341 1229 3400 matrimonio

90 3445 170 3502 inter
191 3457 225 3503 se
247 3443 467 3518 contrahendo,
500 3447 525 3504 si
555 3461 634 3506 uxor
662 3442 732 3504 'litii
762 3449 1019 3523 praemoreretur3
1050 3461 1108 3523 qua
1139 3438 1228 3503 modu

93 3549 224 3622 mortua,
257 3551 364 3610 neutro
393 3551 492 3607 minen
520 3544 678 3629 Oratorum
706 3549 739 3606 in‘
767 3545 832 3626 ejus
867 3550 994 3605 mortem
1031 3542 1227 3618 machinante,

94 3650 315 3710 matrimonium
338 3653 417 3710 inter
439 3666 473 3711 se
495 3647 672 3711 contrahere
694 3646 880 3718 desiderant3
911 3661 978 3706 cum
1009 3651 1108 3707 autam
1130 3649 1228 3724 impe-

93 3748 256 3811 dimentum
280 3754 415 3813 criminis
445 3769 484 3812 ex
506 3751 653 3816 adulterio
685 3756 714 3812 et
747 3753 947 3831 promissione
978 3750 1161 3827 proveniens
1190 3747 1229 3805 sit

96 3853 255 3932 occultum,
281 3861 311 3914 et
333 3859 391 3918 uisi
413 3837 636 3917 matrimonium
658 3848 737 3916 inter
759 3869 814 3915 eos
835 3849 1048 3928 contrabatur,
1066 3847 1229 3930 perieulum

97 3961 253 4019 immineat
282 3956 490 4021 scandalorum
520 3964 571 4020 aut
598 3958 839 4040 perseverantiae
870 3957 902 4016 in
932 3958 1069 4034 peccatu,
1103 3949 1172 4012 ideo
1194 3947 1231 4010 ad

134 4075 168 4116 oe
181 4075 334 4119 murmano.
983 4051 1026 4121 26
