<?xml version="1.0" encoding="UTF-8"?>
<!DOCTYPE html PUBLIC "-//W3C//DTD XHTML 1.0 Transitional//EN"
    "http://www.w3.org/TR/xhtml1/DTD/xhtml1-transitional.dtd">
<html xmlns="http://www.w3.org/1999/xhtml" xml:lang="en" lang="en">
 <head>
  <title>
</title>
<meta http-equiv="Content-Type" content="text/html;charset=utf-8" />
  <meta name='ocr-system' content='tesseract 3.04.00' />
  <meta name='ocr-capabilities' content='ocr_page ocr_carea ocr_par ocr_line ocrx_word'/>
</head>
<body>
  <div class='ocr_page' id='page_1' title='image "./dematrimoniotra00heisgoog_0070.png"; bbox 0 0 2742 4660; ppageno 0'>
   <div class='ocr_carea' id='block_1_1' title="bbox 334 206 1217 300">
    <p class='ocr_par' dir='ltr' id='par_1_1' title="bbox 334 206 1217 300">
     <span class='ocr_line' id='line_1_1' title="bbox 334 206 1217 300; baseline 0.005 -20"><span class='ocrx_word' id='word_1_1' title='bbox 334 225 384 280; x_wconf 75' lang='lat' dir='ltr'><strong>oe</strong></span> <span class='ocrx_word' id='word_1_2' title='bbox 398 227 797 300; x_wconf 67' lang='lat' dir='ltr'><strong>impendentia-impetrauero</strong></span> <span class='ocrx_word' id='word_1_3' title='bbox 814 229 953 298; x_wconf 59' lang='lat' dir='ltr'><strong>tarmen.</strong></span> <span class='ocrx_word' id='word_1_4' title='bbox 1162 206 1217 278; x_wconf 65' lang='lat'><strong>³⁴5</strong></span> 
     </span>
    </p>
   </div>
   <div class='ocr_carea' id='block_1_2' title="bbox 11 377 1280 2008">
    <p class='ocr_par' dir='ltr' id='par_1_2' title="bbox 11 377 1280 2008">
     <span class='ocr_line' id='line_1_2' title="bbox 160 377 1216 470; baseline 0.002 -24"><span class='ocrx_word' id='word_1_5' title='bbox 160 383 355 448; x_wconf 78' lang='lat' dir='ltr'><strong>·n1.·oausae</strong></span> <span class='ocrx_word' id='word_1_6' title='bbox 378 389 568 468; x_wconf 78' lang='lat' dir='ltr'>praecipuae,</span> <span class='ocrx_word' id='word_1_7' title='bbox 592 399 631 450; x_wconf 84' lang='lat' dir='ltr'><strong>ex</strong></span> <span class='ocrx_word' id='word_1_8' title='bbox 654 385 761 470; x_wconf 82' lang='lat' dir='ltr'><strong>qulbus</strong></span> <span class='ocrx_word' id='word_1_9' title='bbox 774 377 909 449; x_wconf 76' lang='lat' dir='ltr'><strong>Ecclesia</strong></span> <span class='ocrx_word' id='word_1_10' title='bbox 932 383 1081 468; x_wconf 80' lang='lat' dir='ltr'><strong>sponsalia</strong></span> <span class='ocrx_word' id='word_1_11' title='bbox 1104 389 1216 465; x_wconf 61' lang='lat' dir='ltr'><strong>tamur,</strong></span> 
     </span>
     <span class='ocr_line' id='line_1_3' title="bbox 77 485 1217 571; baseline -0.001 -20"><span class='ocrx_word' id='word_1_12' title='bbox 77 495 150 551; x_wconf 88' lang='lat' dir='ltr'><strong>sunt</strong></span> <span class='ocrx_word' id='word_1_13' title='bbox 175 485 209 563; x_wconf 85' lang='lat' dir='ltr'><strong>l)</strong></span> <span class='ocrx_word' id='word_1_14' title='bbox 224 495 258 552; x_wconf 91' lang='lat' dir='ltr'><strong>ut</strong></span> <span class='ocrx_word' id='word_1_15' title='bbox 281 492 500 553; x_wconf 73' lang='lat' dir='ltr'><strong>matrimonium</strong></span> <span class='ocrx_word' id='word_1_16' title='bbox 522 491 683 553; x_wconf 74' lang='lat' dir='ltr'><strong>maturiore</strong></span> <span class='ocrx_word' id='word_1_17' title='bbox 705 489 831 554; x_wconf 81' lang='lat' dir='ltr'><strong>consilio</strong></span> <span class='ocrx_word' id='word_1_18' title='bbox 846 489 1043 568; x_wconf 64' lang='lat' dir='ltr'><strong>xineaturpxi)</strong></span> <span class='ocrx_word' id='word_1_19' title='bbox 1059 495 1094 552; x_wconf 89' lang='lat' dir='ltr'><strong>ut</strong></span> <span class='ocrx_word' id='word_1_20' title='bbox 1115 491 1217 571; x_wconf 84' lang='lat' dir='ltr'><strong>sponsi</strong></span> 
     </span>
     <span class='ocr_line' id='line_1_4' title="bbox 76 577 1216 676; baseline 0.004 -25"><span class='ocrx_word' id='word_1_21' title='bbox 76 597 215 672; x_wconf 89' lang='lat' dir='ltr'><strong>tempore</strong></span> <span class='ocrx_word' id='word_1_22' title='bbox 237 593 417 658; x_wconf 87' lang='lat' dir='ltr'><strong>intermedio</strong></span> <span class='ocrx_word' id='word_1_23' title='bbox 433 593 552 656; x_wconf 78' lang='lat' dir='ltr'><strong>valeant</strong></span> <span class='ocrx_word' id='word_1_24' title='bbox 566 577 600 656; x_wconf 85' lang='lat' dir='ltr'><strong>se</strong></span> <span class='ocrx_word' id='word_1_25' title='bbox 623 595 792 676; x_wconf 86' lang='lat' dir='ltr'><strong>praeparari</strong></span> <span class='ocrx_word' id='word_1_26' title='bbox 814 591 852 656; x_wconf 93' lang='lat' dir='ltr'><strong>ad</strong></span> <span class='ocrx_word' id='word_1_27' title='bbox 875 592 1216 676; x_wconf 74' lang='lat' dir='ltr'><strong>gruttam·Sacramcuti;</strong></span> 
     </span>
     <span class='ocr_line' id='line_1_5' title="bbox 76 691 1216 782; baseline 0.003 -26"><span class='ocrx_word' id='word_1_28' title='bbox 76 691 113 768; x_wconf 83' lang='lat'><strong>3)</strong></span> <span class='ocrx_word' id='word_1_29' title='bbox 144 700 177 756; x_wconf 90' lang='lat' dir='ltr'><strong>ut</strong></span> <span class='ocrx_word' id='word_1_30' title='bbox 200 698 336 756; x_wconf 87' lang='lat' dir='ltr'><strong>securlus</strong></span> <span class='ocrx_word' id='word_1_31' title='bbox 365 701 459 775; x_wconf 82' lang='lat' dir='ltr'><strong>possit</strong></span> <span class='ocrx_word' id='word_1_32' title='bbox 488 699 647 782; x_wconf 77' lang='lat' dir='ltr'><strong>cognosci,</strong></span> <span class='ocrx_word' id='word_1_33' title='bbox 677 707 716 762; x_wconf 86' lang='lat' dir='ltr'><strong>ab</strong></span> <span class='ocrx_word' id='word_1_34' title='bbox 744 695 863 779; x_wconf 80' lang='lat' dir='ltr'><strong>aliquod</strong></span> <span class='ocrx_word' id='word_1_35' title='bbox 891 697 931 758; x_wconf 90' lang='lat' dir='ltr'><strong>sii</strong></span> <span class='ocrx_word' id='word_1_36' title='bbox 953 694 1216 776; x_wconf 67' lang='lat' dir='ltr'><strong>impedimentum</strong></span> 
     </span>
     <span class='ocr_line' id='line_1_6' title="bbox 75 791 1217 881; baseline 0.004 -24"><span class='ocrx_word' id='word_1_37' title='bbox 75 791 111 870; x_wconf 82' lang='grc'><strong>4)</strong></span> <span class='ocrx_word' id='word_1_38' title='bbox 133 815 174 858; x_wconf 90' lang='lat' dir='ltr'><strong>ne</strong></span> <span class='ocrx_word' id='word_1_39' title='bbox 189 795 279 858; x_wconf 83' lang='lat' dir='ltr'><strong>vilem</strong></span> <span class='ocrx_word' id='word_1_40' title='bbox 303 801 425 860; x_wconf 86' lang='lat' dir='ltr'><strong>maritus</strong></span> <span class='ocrx_word' id='word_1_41' title='bbox 447 796 554 863; x_wconf 91' lang='lat' dir='ltr'><strong>babeat</strong></span> <span class='ocrx_word' id='word_1_42' title='bbox 577 800 684 880; x_wconf 86' lang='lat' dir='ltr'><strong>datam,</strong></span> <span class='ocrx_word' id='word_1_43' title='bbox 709 801 797 881; x_wconf 88' lang='lat' dir='ltr'><strong>qilam</strong></span> <span class='ocrx_word' id='word_1_44' title='bbox 820 815 880 862; x_wconf 89' lang='lat' dir='ltr'><strong>nun</strong></span> <span class='ocrx_word' id='word_1_45' title='bbox 902 803 1099 879; x_wconf 80' lang='lat' dir='ltr'><strong>suspiraverit</strong></span> <span class='ocrx_word' id='word_1_46' title='bbox 1121 815 1217 881; x_wconf 66' lang='lat' dir='ltr'><strong>spem</strong></span> 
     </span>
     <span class='ocr_line' id='line_1_7' title="bbox 11 899 1216 986; baseline 0.008 -30"><span class='ocrx_word' id='word_1_47' title='bbox 11 945 14 956; x_wconf 79' lang='grc'>,</span> <span class='ocrx_word' id='word_1_48' title='bbox 76 919 129 962; x_wconf 91' lang='lat' dir='ltr'><strong>sus</strong></span> <span class='ocrx_word' id='word_1_49' title='bbox 145 899 284 962; x_wconf 86' lang='lat' dir='ltr'><strong>dilatam.</strong></span> <span class='ocrx_word' id='word_1_50' title='bbox 295 899 320 976; x_wconf 93' lang='lat'><strong>¹)</strong></span> <span class='ocrx_word' id='word_1_51' title='bbox 344 901 388 979; x_wconf 87' lang='lat' dir='ltr'><strong>(S.</strong></span> <span class='ocrx_word' id='word_1_52' title='bbox 401 901 480 986; x_wconf 82' lang='lat' dir='ltr'><strong>Aug.</strong></span> <span class='ocrx_word' id='word_1_53' title='bbox 490 901 542 966; x_wconf 90' lang='lat' dir='ltr'><strong>lib.</strong></span> <span class='ocrx_word' id='word_1_54' title='bbox 555 903 584 967; x_wconf 90' lang='lat'><strong>8.</strong></span> <span class='ocrx_word' id='word_1_55' title='bbox 599 903 677 968; x_wconf 92' lang='lat' dir='ltr'><strong>conl.</strong></span> <span class='ocrx_word' id='word_1_56' title='bbox 693 923 718 965; x_wconf 90' lang='lat' dir='ltr'><strong>c.</strong></span> <span class='ocrx_word' id='word_1_57' title='bbox 733 899 779 978; x_wconf 88' lang='grc'><strong>3.)</strong></span> <span class='ocrx_word' id='word_1_58' title='bbox 800 935 844 950; x_wconf 89' lang='grc'><strong>-</strong></span> <span class='ocrx_word' id='word_1_59' title='bbox 867 899 1082 982; x_wconf 70' lang='lat' dir='ltr'><strong>Veruntamen,</strong></span> <span class='ocrx_word' id='word_1_60' title='bbox 1105 919 1216 984; x_wconf 73' lang='lat' dir='ltr'><strong>quaru-</strong></span> 
     </span>
     <span class='ocr_line' id='line_1_8' title="bbox 75 1003 1213 1088; baseline 0.002 -22"><span class='ocrx_word' id='word_1_61' title='bbox 75 1007 123 1067; x_wconf 86' lang='lat' dir='ltr'><strong>ris</strong></span> <span class='ocrx_word' id='word_1_62' title='bbox 142 1003 278 1066; x_wconf 84' lang='lat' dir='ltr'><strong>Ecclesia</strong></span> <span class='ocrx_word' id='word_1_63' title='bbox 300 1005 486 1084; x_wconf 73' lang='lat' dir='ltr'><strong>sponsalibus</strong></span> <span class='ocrx_word' id='word_1_64' title='bbox 509 1009 638 1070; x_wconf 86' lang='lat' dir='ltr'><strong>minime·</strong></span> <span class='ocrx_word' id='word_1_65' title='bbox 654 1003 841 1085; x_wconf 76' lang='lat' dir='ltr'><strong>adversetur,</strong></span> <span class='ocrx_word' id='word_1_66' title='bbox 865 1003 919 1068; x_wconf 86' lang='lat' dir='ltr'><strong>sed</strong></span> <span class='ocrx_word' id='word_1_67' title='bbox 941 1005 1111 1085; x_wconf 80' lang='lat' dir='ltr'><strong>potiusilla</strong></span> <span class='ocrx_word' id='word_1_68' title='bbox 1129 1005 1213 1088; x_wconf 84' lang='lat' dir='ltr'><strong>juste</strong></span> 
     </span>
     <span class='ocr_line' id='line_1_9' title="bbox 76 1105 1217 1193; baseline 0.004 -25"><span class='ocrx_word' id='word_1_69' title='bbox 76 1113 230 1168; x_wconf 87' lang='lat' dir='ltr'><strong>contracta</strong></span> <span class='ocrx_word' id='word_1_70' title='bbox 251 1110 332 1168; x_wconf 91' lang='lat' dir='ltr'><strong>omni</strong></span> <span class='ocrx_word' id='word_1_71' title='bbox 349 1105 438 1170; x_wconf 87' lang='lat' dir='ltr'><strong>modo</strong></span> <span class='ocrx_word' id='word_1_72' title='bbox 456 1114 582 1189; x_wconf 89' lang='lat' dir='ltr'><strong>tueatur,</strong></span> <span class='ocrx_word' id='word_1_73' title='bbox 606 1107 687 1172; x_wconf 91' lang='lat' dir='ltr'><strong>nulla</strong></span> <span class='ocrx_word' id='word_1_74' title='bbox 705 1107 775 1193; x_wconf 82' lang='lat' dir='ltr'><strong>lege</strong></span> <span class='ocrx_word' id='word_1_75' title='bbox 792 1111 965 1192; x_wconf 86' lang='lat' dir='ltr'><strong>requiritur,</strong></span> <span class='ocrx_word' id='word_1_76' title='bbox 988 1113 1021 1170; x_wconf 96' lang='lat' dir='ltr'><strong>ut</strong></span> <span class='ocrx_word' id='word_1_77' title='bbox 1037 1108 1089 1172; x_wconf 86' lang='lat' dir='ltr'><strong>illa</strong></span> <span class='ocrx_word' id='word_1_78' title='bbox 1101 1121 1217 1172; x_wconf 88' lang='lat' dir='ltr'><strong>·neces-</strong></span> 
     </span>
     <span class='ocr_line' id='line_1_10' title="bbox 76 1208 1217 1294; baseline 0.003 -22"><span class='ocrx_word' id='word_1_79' title='bbox 76 1213 157 1272; x_wconf 89' lang='lat' dir='ltr'><strong>sarie</strong></span> <span class='ocrx_word' id='word_1_80' title='bbox 182 1213 370 1272; x_wconf 88' lang='lat' dir='ltr'><strong>matrimonio</strong></span> <span class='ocrx_word' id='word_1_81' title='bbox 393 1208 628 1290; x_wconf 74' lang='lat' dir='ltr'><strong>praemtituntur.</strong></span> <span class='ocrx_word' id='word_1_82' title='bbox 636 1209 663 1292; x_wconf 84' lang='lat'><strong>²)</strong></span> <span class='ocrx_word' id='word_1_83' title='bbox 687 1209 825 1290; x_wconf 84' lang='lat' dir='ltr'><strong>Ecoutra,</strong></span> <span class='ocrx_word' id='word_1_84' title='bbox 850 1227 917 1274; x_wconf 91' lang='lat' dir='ltr'><strong>cum</strong></span> <span class='ocrx_word' id='word_1_85' title='bbox 940 1211 1100 1292; x_wconf 71' lang='lat' dir='ltr'><strong>sponsalia,</strong></span> <span class='ocrx_word' id='word_1_86' title='bbox 1123 1229 1217 1294; x_wconf 86' lang='lat' dir='ltr'><strong>prae-</strong></span> 
     </span>
     <span class='ocr_line' id='line_1_11' title="bbox 76 1312 1280 1396; baseline 0.002 -21"><span class='ocrx_word' id='word_1_87' title='bbox 76 1317 181 1375; x_wconf 86' lang='lat' dir='ltr'><strong>sertim</strong></span> <span class='ocrx_word' id='word_1_88' title='bbox 211 1312 412 1392; x_wconf 88' lang='lat' dir='ltr'><strong>clandestina,</strong></span> <span class='ocrx_word' id='word_1_89' title='bbox 445 1315 544 1378; x_wconf 88' lang='lat' dir='ltr'><strong>multis</strong></span> <span class='ocrx_word' id='word_1_90' title='bbox 573 1315 710 1378; x_wconf 83' lang='lat' dir='ltr'><strong>substent</strong></span> <span class='ocrx_word' id='word_1_91' title='bbox 740 1314 881 1396; x_wconf 88' lang='lat' dir='ltr'><strong>periculis</strong></span> <span class='ocrx_word' id='word_1_92' title='bbox 911 1320 941 1376; x_wconf 89' lang='lat' dir='ltr'><strong>et</strong></span> <span class='ocrx_word' id='word_1_93' title='bbox 970 1313 1135 1377; x_wconf 80' lang='lat' dir='ltr'><strong>subinnui</strong></span> <span class='ocrx_word' id='word_1_94' title='bbox 1162 1331 1217 1396; x_wconf 82' lang='lat' dir='ltr'><strong>spa</strong></span> <span class='ocrx_word' id='word_1_95' title='bbox 1276 1343 1280 1354; x_wconf 94' lang='lat'>·</span> 
     </span>
     <span class='ocr_line' id='line_1_12' title="bbox 75 1416 1216 1500; baseline 0.004 -24"><span class='ocrx_word' id='word_1_96' title='bbox 75 1421 246 1496; x_wconf 82' lang='lat' dir='ltr'><strong>nuptiarum</strong></span> <span class='ocrx_word' id='word_1_97' title='bbox 278 1433 336 1478; x_wconf 89' lang='lat' dir='ltr'><strong>uon</strong></span> <span class='ocrx_word' id='word_1_98' title='bbox 358 1433 427 1479; x_wconf 84' lang='lat' dir='ltr'><strong>raro</strong></span> <span class='ocrx_word' id='word_1_99' title='bbox 449 1421 627 1481; x_wconf 85' lang='lat' dir='ltr'><strong>innocentes</strong></span> <span class='ocrx_word' id='word_1_100' title='bbox 656 1421 774 1482; x_wconf 85' lang='lat' dir='ltr'><strong>animae</strong></span> <span class='ocrx_word' id='word_1_101' title='bbox 796 1417 995 1496; x_wconf 84' lang='lat' dir='ltr'><strong>seducantur,</strong></span> <span class='ocrx_word' id='word_1_102' title='bbox 1028 1416 1216 1500; x_wconf 78' lang='lat' dir='ltr'><strong>plurimaque</strong></span> 
     </span>
     <span class='ocr_line' id='line_1_13' title="bbox 76 1519 1216 1602; baseline 0.003 -24"><span class='ocrx_word' id='word_1_103' title='bbox 76 1519 152 1580; x_wconf 87' lang='lat' dir='ltr'><strong>mala</strong></span> <span class='ocrx_word' id='word_1_104' title='bbox 182 1536 222 1579; x_wconf 83' lang='lat' dir='ltr'><strong>ex</strong></span> <span class='ocrx_word' id='word_1_105' title='bbox 244 1524 397 1582; x_wconf 88' lang='lat' dir='ltr'><strong>contractu</strong></span> <span class='ocrx_word' id='word_1_106' title='bbox 427 1519 464 1582; x_wconf 94' lang='lat' dir='ltr'><strong>de</strong></span> <span class='ocrx_word' id='word_1_107' title='bbox 493 1537 528 1583; x_wconf 90' lang='lat' dir='ltr'><strong>se</strong></span> <span class='ocrx_word' id='word_1_108' title='bbox 549 1519 679 1584; x_wconf 86' lang='lat' dir='ltr'><strong>honesto</strong></span> <span class='ocrx_word' id='word_1_109' title='bbox 706 1537 798 1602; x_wconf 87' lang='lat' dir='ltr'><strong>saepe</strong></span> <span class='ocrx_word' id='word_1_110' title='bbox 823 1523 1002 1602; x_wconf 82' lang='lat' dir='ltr'><strong>proveniant</strong></span> <span class='ocrx_word' id='word_1_111' title='bbox 1023 1537 1131 1584; x_wconf 88' lang='lat' dir='ltr'><strong>munus</strong></span> <span class='ocrx_word' id='word_1_112' title='bbox 1159 1525 1216 1584; x_wconf 80' lang='lat' dir='ltr'><strong>erit</strong></span> 
     </span>
     <span class='ocr_line' id='line_1_14' title="bbox 77 1621 1218 1706; baseline 0.003 -22"><span class='ocrx_word' id='word_1_113' title='bbox 77 1629 250 1702; x_wconf 88' lang='lat' dir='ltr'><strong>pastorum,</strong></span> <span class='ocrx_word' id='word_1_114' title='bbox 282 1622 386 1686; x_wconf 89' lang='lat' dir='ltr'><strong>iideles</strong></span> <span class='ocrx_word' id='word_1_115' title='bbox 409 1627 567 1687; x_wconf 88' lang='lat' dir='ltr'><strong>occasione</strong></span> <span class='ocrx_word' id='word_1_116' title='bbox 598 1623 665 1687; x_wconf 93' lang='lat' dir='ltr'><strong>data</strong></span> <span class='ocrx_word' id='word_1_117' title='bbox 689 1623 798 1687; x_wconf 90' lang='lat' dir='ltr'><strong>docere</strong></span> <span class='ocrx_word' id='word_1_118' title='bbox 826 1621 943 1687; x_wconf 90' lang='lat' dir='ltr'><strong>deboc</strong></span> <span class='ocrx_word' id='word_1_119' title='bbox 969 1623 1103 1704; x_wconf 86' lang='lat' dir='ltr'><strong>periculo</strong></span> <span class='ocrx_word' id='word_1_120' title='bbox 1117 1641 1218 1706; x_wconf 58' lang='lat' dir='ltr'><strong>&gt;aper-</strong></span> 
     </span>
     <span class='ocr_line' id='line_1_15' title="bbox 75 1726 1215 1809; baseline 0.005 -25"><span class='ocrx_word' id='word_1_121' title='bbox 75 1729 206 1802; x_wconf 88' lang='lat' dir='ltr'><strong>tissimo,</strong></span> <span class='ocrx_word' id='word_1_122' title='bbox 231 1729 262 1787; x_wconf 92' lang='lat' dir='ltr'><strong>in</strong></span> <span class='ocrx_word' id='word_1_123' title='bbox 283 1743 343 1807; x_wconf 88' lang='lat' dir='ltr'><strong>quo</strong></span> <span class='ocrx_word' id='word_1_124' title='bbox 365 1726 407 1788; x_wconf 90' lang='lat' dir='ltr'><strong>illl</strong></span> <span class='ocrx_word' id='word_1_125' title='bbox 425 1730 570 1808; x_wconf 88' lang='lat' dir='ltr'><strong>imprimis</strong></span> <span class='ocrx_word' id='word_1_126' title='bbox 584 1732 752 1806; x_wconf 81' lang='lat' dir='ltr'><strong>versantur,</strong></span> <span class='ocrx_word' id='word_1_127' title='bbox 776 1729 826 1809; x_wconf 88' lang='lat' dir='ltr'><strong>qul</strong></span> <span class='ocrx_word' id='word_1_128' title='bbox 841 1726 1001 1808; x_wconf 85' lang='lat' dir='ltr'><strong>sponsalia,</strong></span> <span class='ocrx_word' id='word_1_129' title='bbox 1019 1729 1215 1790; x_wconf 46' lang='lat' dir='ltr'><strong>*matrimonio</strong></span> 
     </span>
     <span class='ocr_line' id='line_1_16' title="bbox 74 1825 1215 1913; baseline 0.002 -23"><span class='ocrx_word' id='word_1_130' title='bbox 74 1827 180 1890; x_wconf 84' lang='lat' dir='ltr'><strong>futuro</strong></span> <span class='ocrx_word' id='word_1_131' title='bbox 199 1827 261 1910; x_wconf 84' lang='lat' dir='ltr'><strong>jam</strong></span> <span class='ocrx_word' id='word_1_132' title='bbox 283 1832 373 1891; x_wconf 88' lang='lat' dir='ltr'><strong>nimis</strong></span> <span class='ocrx_word' id='word_1_133' title='bbox 395 1829 486 1913; x_wconf 78' lang='lat' dir='ltr'><strong>louge</strong></span> <span class='ocrx_word' id='word_1_134' title='bbox 509 1829 647 1908; x_wconf 88' lang='lat' dir='ltr'><strong>distante,</strong></span> <span class='ocrx_word' id='word_1_135' title='bbox 672 1829 780 1894; x_wconf 84' lang='lat' dir='ltr'><strong>leuiter</strong></span> <span class='ocrx_word' id='word_1_136' title='bbox 801 1833 915 1908; x_wconf 88' lang='lat' dir='ltr'><strong>ineunt,</strong></span> <span class='ocrx_word' id='word_1_137' title='bbox 938 1827 1096 1910; x_wconf 71' lang='lat' dir='ltr'><strong>abitoque</strong></span> <span class='ocrx_word' id='word_1_138' title='bbox 1109 1825 1215 1893; x_wconf 78' lang='lat' dir='ltr'><strong>sedulo</strong></span> 
     </span>
     <span class='ocr_line' id='line_1_17' title="bbox 74 1929 254 2008; baseline 0.006 -16"><span class='ocrx_word' id='word_1_139' title='bbox 74 1935 218 1995; x_wconf 88' lang='lat' dir='ltr'><strong>retinere.</strong></span> <span class='ocrx_word' id='word_1_140' title='bbox 226 1929 254 2008; x_wconf 82' lang='lat'><strong>³)</strong></span> 
     </span>
    </p>
   </div>
   <div class='ocr_carea' id='block_1_3' title="bbox 381 2055 905 2239">
    <p class='ocr_par' dir='ltr' id='par_1_3' title="bbox 381 2055 905 2239">
     <span class='ocr_line' id='line_1_18' title="bbox 381 2055 905 2239; baseline 0 -13"><span class='ocrx_word' id='word_1_141' title='bbox 381 2165 433 2226; x_wconf 83' lang='lat' dir='ltr'><strong>De</strong></span> <span class='ocrx_word' id='word_1_142' title='bbox 451 2055 905 2239; x_wconf 48' lang='lat' dir='ltr'><strong>defflugueiisponsoitum</strong></span> 
     </span>
    </p>
   </div>
   <div class='ocr_carea' id='block_1_4' title="bbox 165 2283 1215 2368">
    <p class='ocr_par' dir='ltr' id='par_1_4' title="bbox 165 2283 1215 2368">
     <span class='ocr_line' id='line_1_19' title="bbox 165 2283 1215 2368; baseline 0.002 -18"><span class='ocrx_word' id='word_1_143' title='bbox 165 2285 321 2366; x_wconf 86' lang='lat' dir='ltr'><strong>Sponsalia</strong></span> <span class='ocrx_word' id='word_1_144' title='bbox 345 2293 414 2350; x_wconf 89' lang='lat' dir='ltr'><strong>sunt</strong></span> <span class='ocrx_word' id='word_1_145' title='bbox 436 2289 594 2368; x_wconf 88' lang='lat' dir='ltr'><strong>promissio</strong></span> <span class='ocrx_word' id='word_1_146' title='bbox 616 2283 707 2348; x_wconf 89' lang='lat' dir='ltr'><strong>luturl</strong></span> <span class='ocrx_word' id='word_1_147' title='bbox 731 2288 911 2352; x_wconf 81' lang='lat' dir='ltr'><strong>matrimonii</strong></span> <span class='ocrx_word' id='word_1_148' title='bbox 935 2303 1023 2364; x_wconf 88' lang='lat' dir='ltr'><strong>vcra,</strong></span> <span class='ocrx_word' id='word_1_149' title='bbox 1046 2285 1215 2366; x_wconf 72' lang='lat' dir='ltr'><strong>voluntaria</strong></span> 
     </span>
    </p>
   </div>
   <div class='ocr_carea' id='block_1_5' title="bbox 72 2386 1322 2472">
    <p class='ocr_par' dir='ltr' id='par_1_5' title="bbox 72 2386 1322 2472">
     <span class='ocr_line' id='line_1_20' title="bbox 72 2386 1322 2472; baseline 0.002 -20"><span class='ocrx_word' id='word_1_150' title='bbox 72 2409 107 2452; x_wconf 91' lang='lat' dir='ltr'><strong>ac</strong></span> <span class='ocrx_word' id='word_1_151' title='bbox 137 2387 321 2468; x_wconf 87' lang='lat' dir='ltr'><strong>deliberata,</strong></span> <span class='ocrx_word' id='word_1_152' title='bbox 353 2394 473 2465; x_wconf 85' lang='lat' dir='ltr'><strong>mutua,</strong></span> <span class='ocrx_word' id='word_1_153' title='bbox 506 2392 595 2472; x_wconf 80' lang='lat' dir='ltr'><strong>siguo</strong></span> <span class='ocrx_word' id='word_1_154' title='bbox 624 2386 757 2452; x_wconf 85' lang='lat' dir='ltr'><strong>sensibili</strong></span> <span class='ocrx_word' id='word_1_155' title='bbox 788 2403 931 2469; x_wconf 87' lang='lat' dir='ltr'><strong>expressa</strong></span> <span class='ocrx_word' id='word_1_156' title='bbox 955 2390 1040 2452; x_wconf 86' lang='lat' dir='ltr'><strong>inter</strong></span> <span class='ocrx_word' id='word_1_157' title='bbox 1068 2406 1214 2468; x_wconf 83' lang='lat' dir='ltr'><strong>personas</strong></span> <span class='ocrx_word' id='word_1_158' title='bbox 1320 2461 1322 2468; x_wconf 23' lang='lat'><strong>¹</strong></span> 
     </span>
    </p>
   </div>
   <div class='ocr_carea' id='block_1_6' title="bbox 73 2485 1283 3500">
    <p class='ocr_par' dir='ltr' id='par_1_6' title="bbox 73 2485 1283 3500">
     <span class='ocr_line' id='line_1_21' title="bbox 76 2485 1215 2580; baseline 0.004 -26"><span class='ocrx_word' id='word_1_159' title='bbox 76 2492 293 2554; x_wconf 86' lang='lat' dir='ltr'><strong>determinatas</strong></span> <span class='ocrx_word' id='word_1_160' title='bbox 324 2497 354 2553; x_wconf 87' lang='lat' dir='ltr'><strong>et</strong></span> <span class='ocrx_word' id='word_1_161' title='bbox 385 2491 423 2554; x_wconf 90' lang='lat' dir='ltr'><strong>de</strong></span> <span class='ocrx_word' id='word_1_162' title='bbox 449 2491 519 2572; x_wconf 79' lang='lat' dir='ltr'><strong>Jure</strong></span> <span class='ocrx_word' id='word_1_163' title='bbox 548 2489 587 2552; x_wconf 92' lang='lat' dir='ltr'><strong>ad</strong></span> <span class='ocrx_word' id='word_1_164' title='bbox 615 2485 847 2554; x_wconf 81' lang='lat' dir='ltr'><strong>contrabendum</strong></span> <span class='ocrx_word' id='word_1_165' title='bbox 864 2487 997 2580; x_wconf 67' lang='lat' dir='ltr'><strong>⁴habiles.</strong></span> <span class='ocrx_word' id='word_1_166' title='bbox 1041 2489 1215 2576; x_wconf 81' lang='lat' dir='ltr'><strong>Requiritur</strong></span> 
     </span>
     <span class='ocr_line' id='line_1_22' title="bbox 75 2587 1213 2678; baseline 0.001 -23"><span class='ocrx_word' id='word_1_167' title='bbox 75 2612 169 2678; x_wconf 86' lang='lat' dir='ltr'><strong>ergo:</strong></span> <span class='ocrx_word' id='word_1_168' title='bbox 196 2592 229 2670; x_wconf 93' lang='lat'><strong>1)</strong></span> <span class='ocrx_word' id='word_1_169' title='bbox 243 2596 432 2674; x_wconf 62' lang='lat' dir='ltr'><strong>protulerim</strong></span> <span class='ocrx_word' id='word_1_170' title='bbox 454 2612 514 2658; x_wconf 90' lang='lat' dir='ltr'><strong>non</strong></span> <span class='ocrx_word' id='word_1_171' title='bbox 536 2598 616 2656; x_wconf 92' lang='lat' dir='ltr'><strong>euim</strong></span> <span class='ocrx_word' id='word_1_172' title='bbox 631 2592 741 2660; x_wconf 84' lang='lat' dir='ltr'><strong>sufficit</strong></span> <span class='ocrx_word' id='word_1_173' title='bbox 757 2592 885 2676; x_wconf 78' lang='lat' dir='ltr'><strong>simplex</strong></span> <span class='ocrx_word' id='word_1_174' title='bbox 906 2595 1000 2668; x_wconf 71' lang='lat' dir='ltr'><strong>animi,</strong></span> <span class='ocrx_word' id='word_1_175' title='bbox 1015 2587 1213 2674; x_wconf 83' lang='lat' dir='ltr'><strong>propositum3</strong></span> 
     </span>
     <span class='ocr_line' id='line_1_23' title="bbox 74 2681 1283 2776; baseline -0.002 -16"><span class='ocrx_word' id='word_1_176' title='bbox 74 2697 108 2773; x_wconf 82' lang='grc'><strong>2)</strong></span> <span class='ocrx_word' id='word_1_177' title='bbox 126 2716 206 2760; x_wconf 77' lang='lat' dir='ltr'><strong>cera</strong></span> <span class='ocrx_word' id='word_1_178' title='bbox 229 2704 259 2758; x_wconf 87' lang='lat' dir='ltr'><strong>et</strong></span> <span class='ocrx_word' id='word_1_179' title='bbox 279 2699 376 2773; x_wconf 77' lang='lat' dir='ltr'><strong>aeria,</strong></span> <span class='ocrx_word' id='word_1_180' title='bbox 397 2701 417 2760; x_wconf 89' lang='lat' dir='ltr'><strong>i.</strong></span> <span class='ocrx_word' id='word_1_181' title='bbox 431 2713 458 2758; x_wconf 88' lang='lat' dir='ltr'><strong>e.</strong></span> <span class='ocrx_word' id='word_1_182' title='bbox 482 2714 521 2758; x_wconf 83' lang='lat' dir='ltr'><strong>ex</strong></span> <span class='ocrx_word' id='word_1_183' title='bbox 543 2701 657 2773; x_wconf 88' lang='lat' dir='ltr'><strong>animo;</strong></span> <span class='ocrx_word' id='word_1_184' title='bbox 680 2713 768 2762; x_wconf 85' lang='lat' dir='ltr'><strong>secus</strong></span> <span class='ocrx_word' id='word_1_185' title='bbox 791 2701 871 2760; x_wconf 83' lang='lat' dir='ltr'><strong>esset</strong></span> <span class='ocrx_word' id='word_1_186' title='bbox 892 2697 1013 2766; x_wconf 85' lang='lat' dir='ltr'><strong>nonnisi</strong></span> <span class='ocrx_word' id='word_1_187' title='bbox 1035 2693 1118 2758; x_wconf 81' lang='lat' dir='ltr'><strong>bollo</strong></span> <span class='ocrx_word' id='word_1_188' title='bbox 1139 2711 1214 2776; x_wconf 59' lang='lat' dir='ltr'><strong>prof</strong></span> <span class='ocrx_word' id='word_1_189' title='bbox 1280 2681 1283 2690; x_wconf 71' lang='grc'>’</span> 
     </span>
     <span class='ocr_line' id='line_1_24' title="bbox 75 2796 1215 2876; baseline 0.001 -16"><span class='ocrx_word' id='word_1_190' title='bbox 75 2804 230 2864; x_wconf 86' lang='lat' dir='ltr'><strong>missionis</strong></span> <span class='ocrx_word' id='word_1_191' title='bbox 237 2819 246 2876; x_wconf 92' lang='lat'>;</span> <span class='ocrx_word' id='word_1_192' title='bbox 271 2804 304 2862; x_wconf 90' lang='lat' dir='ltr'><strong>in</strong></span> <span class='ocrx_word' id='word_1_193' title='bbox 326 2799 392 2864; x_wconf 89' lang='lat' dir='ltr'><strong>loro</strong></span> <span class='ocrx_word' id='word_1_194' title='bbox 415 2805 516 2864; x_wconf 89' lang='lat' dir='ltr'><strong>tamen</strong></span> <span class='ocrx_word' id='word_1_195' title='bbox 538 2806 663 2864; x_wconf 82' lang='lat' dir='ltr'><strong>extumo</strong></span> <span class='ocrx_word' id='word_1_196' title='bbox 691 2797 729 2860; x_wconf 90' lang='lat' dir='ltr'><strong>ad</strong></span> <span class='ocrx_word' id='word_1_197' title='bbox 750 2798 887 2868; x_wconf 75' lang='lat' dir='ltr'><strong>utendas</strong></span> <span class='ocrx_word' id='word_1_198' title='bbox 909 2796 1030 2863; x_wconf 83' lang='lat' dir='ltr'><strong>fraudes</strong></span> <span class='ocrx_word' id='word_1_199' title='bbox 1052 2802 1215 2864; x_wconf 88' lang='lat' dir='ltr'><strong>censentur</strong></span> 
     </span>
     <span class='ocr_line' id='line_1_25' title="bbox 74 2899 1213 2984; baseline -0.002 -19"><span class='ocrx_word' id='word_1_200' title='bbox 74 2903 167 2965; x_wconf 85' lang='lat' dir='ltr'><strong>verba</strong></span> <span class='ocrx_word' id='word_1_201' title='bbox 191 2907 285 2964; x_wconf 84' lang='lat' dir='ltr'><strong>menti</strong></span> <span class='ocrx_word' id='word_1_202' title='bbox 308 2901 489 2980; x_wconf 77' lang='lat' dir='ltr'><strong>conformia,</strong></span> <span class='ocrx_word' id='word_1_203' title='bbox 508 2902 595 2984; x_wconf 88' lang='lat' dir='ltr'><strong>juxta</strong></span> <span class='ocrx_word' id='word_1_204' title='bbox 617 2906 750 2966; x_wconf 85' lang='lat' dir='ltr'><strong>axioma:</strong></span> <span class='ocrx_word' id='word_1_205' title='bbox 787 2899 905 2980; x_wconf 88' lang='lat' dir='ltr'><strong>„Nemo</strong></span> <span class='ocrx_word' id='word_1_206' title='bbox 928 2899 1143 2966; x_wconf 82' lang='lat' dir='ltr'><strong>existimandus</strong></span> <span class='ocrx_word' id='word_1_207' title='bbox 1166 2906 1213 2969; x_wconf 88' lang='lat' dir='ltr'><strong>ost</strong></span> 
     </span>
     <span class='ocr_line' id='line_1_26' title="bbox 74 3000 1215 3088; baseline 0.001 -22"><span class='ocrx_word' id='word_1_208' title='bbox 74 3005 199 3086; x_wconf 86' lang='lat' dir='ltr'><strong>dixisse,</strong></span> <span class='ocrx_word' id='word_1_209' title='bbox 224 3005 304 3087; x_wconf 90' lang='lat' dir='ltr'><strong>quod</strong></span> <span class='ocrx_word' id='word_1_210' title='bbox 320 3022 387 3068; x_wconf 87' lang='lat' dir='ltr'><strong>nou</strong></span> <span class='ocrx_word' id='word_1_211' title='bbox 408 3009 508 3066; x_wconf 90' lang='lat' dir='ltr'><strong>mente</strong></span> <span class='ocrx_word' id='word_1_212' title='bbox 530 3000 767 3088; x_wconf 77' lang='lat' dir='ltr'><strong>agitaverit3t‘⁴)</strong></span> <span class='ocrx_word' id='word_1_213' title='bbox 791 3002 1022 3080; x_wconf 67' lang='lat' dir='ltr'><strong>aiveinamma</strong></span> <span class='ocrx_word' id='word_1_214' title='bbox 1044 3010 1074 3066; x_wconf 86' lang='lat' dir='ltr'><strong>ci</strong></span> <span class='ocrx_word' id='word_1_215' title='bbox 1094 3003 1215 3070; x_wconf 79' lang='lat' dir='ltr'><strong>delibe-</strong></span> 
     </span>
     <span class='ocr_line' id='line_1_27' title="bbox 73 3105 1213 3188; baseline 0 -18"><span class='ocrx_word' id='word_1_216' title='bbox 73 3116 147 3171; x_wconf 84' lang='lat' dir='ltr'><strong>ruia</strong></span> <span class='ocrx_word' id='word_1_217' title='bbox 170 3126 213 3173; x_wconf 89' lang='lat' dir='ltr'><strong>so.</strong></span> <span class='ocrx_word' id='word_1_218' title='bbox 237 3125 272 3170; x_wconf 91' lang='lat' dir='ltr'><strong>ea</strong></span> <span class='ocrx_word' id='word_1_219' title='bbox 294 3107 502 3171; x_wconf 87' lang='lat' dir='ltr'><strong>diliberatione</strong></span> <span class='ocrx_word' id='word_1_220' title='bbox 525 3107 618 3186; x_wconf 88' lang='lat' dir='ltr'><strong>lacta,</strong></span> <span class='ocrx_word' id='word_1_221' title='bbox 649 3125 727 3188; x_wconf 78' lang='lat' dir='ltr'><strong>puae</strong></span> <span class='ocrx_word' id='word_1_222' title='bbox 749 3105 877 3175; x_wconf 83' lang='lat' dir='ltr'><strong>sufficiat</strong></span> <span class='ocrx_word' id='word_1_223' title='bbox 898 3105 972 3172; x_wconf 89' lang='lat' dir='ltr'><strong>alias</strong></span> <span class='ocrx_word' id='word_1_224' title='bbox 998 3106 1036 3170; x_wconf 92' lang='lat' dir='ltr'><strong>ad</strong></span> <span class='ocrx_word' id='word_1_225' title='bbox 1058 3113 1213 3188; x_wconf 85' lang='lat' dir='ltr'><strong>peccatum</strong></span> 
     </span>
     <span class='ocr_line' id='line_1_28' title="bbox 74 3209 1215 3296; baseline 0.002 -24"><span class='ocrx_word' id='word_1_226' title='bbox 74 3211 203 3274; x_wconf 87' lang='lat' dir='ltr'><strong>mortale</strong></span> <span class='ocrx_word' id='word_1_227' title='bbox 229 3209 490 3286; x_wconf 65' lang='lat' dir='ltr'><strong>committendum</strong></span> <span class='ocrx_word' id='word_1_228' title='bbox 520 3209 601 3275; x_wconf 90' lang='lat' dir='ltr'><strong>uude</strong></span> <span class='ocrx_word' id='word_1_229' title='bbox 628 3209 758 3296; x_wconf 80' lang='lat' dir='ltr'><strong>invalida</strong></span> <span class='ocrx_word' id='word_1_230' title='bbox 785 3216 856 3278; x_wconf 88' lang='lat' dir='ltr'><strong>sunt</strong></span> <span class='ocrx_word' id='word_1_231' title='bbox 881 3211 1031 3292; x_wconf 86' lang='lat' dir='ltr'><strong>sponsalia</strong></span> <span class='ocrx_word' id='word_1_232' title='bbox 1058 3214 1134 3274; x_wconf 85' lang='lat' dir='ltr'><strong>inita</strong></span> <span class='ocrx_word' id='word_1_233' title='bbox 1155 3229 1215 3292; x_wconf 89' lang='lat' dir='ltr'><strong>per</strong></span> 
     </span>
     <span class='ocr_line' id='line_1_29' title="bbox 73 3313 1215 3396; baseline -0.002 -20"><span class='ocrx_word' id='word_1_234' title='bbox 73 3320 135 3376; x_wconf 88' lang='lat' dir='ltr'><strong>vim</strong></span> <span class='ocrx_word' id='word_1_235' title='bbox 158 3313 210 3376; x_wconf 87' lang='lat' dir='ltr'><strong>vel</strong></span> <span class='ocrx_word' id='word_1_236' title='bbox 237 3314 337 3378; x_wconf 89' lang='lat' dir='ltr'><strong>dolum</strong></span> <span class='ocrx_word' id='word_1_237' title='bbox 360 3314 500 3392; x_wconf 85' lang='lat' dir='ltr'><strong>alterius,</strong></span> <span class='ocrx_word' id='word_1_238' title='bbox 530 3319 581 3376; x_wconf 89' lang='lat' dir='ltr'><strong>aut</strong></span> <span class='ocrx_word' id='word_1_239' title='bbox 602 3330 656 3396; x_wconf 90' lang='lat' dir='ltr'><strong>per</strong></span> <span class='ocrx_word' id='word_1_240' title='bbox 685 3329 820 3378; x_wconf 88' lang='lat' dir='ltr'><strong>errorem</strong></span> <span class='ocrx_word' id='word_1_241' title='bbox 842 3315 922 3377; x_wconf 88' lang='lat' dir='ltr'><strong>circa</strong></span> <span class='ocrx_word' id='word_1_242' title='bbox 944 3313 1139 3379; x_wconf 86' lang='lat' dir='ltr'><strong>substantium</strong></span> <span class='ocrx_word' id='word_1_243' title='bbox 1162 3318 1215 3378; x_wconf 86' lang='lat' dir='ltr'><strong>aut</strong></span> 
     </span>
     <span class='ocr_line' id='line_1_30' title="bbox 74 3411 1213 3500; baseline -0.002 -18"><span class='ocrx_word' id='word_1_244' title='bbox 74 3417 301 3482; x_wconf 83' lang='lat' dir='ltr'><strong>substantialem</strong></span> <span class='ocrx_word' id='word_1_245' title='bbox 324 3416 525 3482; x_wconf 87' lang='lat' dir='ltr'><strong>conditionem</strong></span> <span class='ocrx_word' id='word_1_246' title='bbox 531 3411 575 3494; x_wconf 77' lang='lat'><strong>3⁵)</strong></span> <span class='ocrx_word' id='word_1_247' title='bbox 597 3413 633 3493; x_wconf 83' lang='lat' dir='ltr'><strong>t)</strong></span> <span class='ocrx_word' id='word_1_248' title='bbox 655 3421 763 3489; x_wconf 74' lang='lat' dir='ltr'><strong>mutua</strong></span> <span class='ocrx_word' id='word_1_249' title='bbox 784 3419 805 3482; x_wconf 86' lang='lat' dir='ltr'><strong>l.</strong></span> <span class='ocrx_word' id='word_1_250' title='bbox 824 3434 851 3482; x_wconf 90' lang='lat' dir='ltr'><strong>e.</strong></span> <span class='ocrx_word' id='word_1_251' title='bbox 869 3433 937 3480; x_wconf 88' lang='lat' dir='ltr'><strong>eum</strong></span> <span class='ocrx_word' id='word_1_252' title='bbox 959 3419 1113 3500; x_wconf 79' lang='lat' dir='ltr'><strong>reciproco</strong></span> <span class='ocrx_word' id='word_1_253' title='bbox 1136 3433 1213 3482; x_wconf 90' lang='lat' dir='ltr'><strong>cou-</strong></span> 
     </span>
    </p>
   </div>
   <div class='ocr_carea' id='block_1_7' title="bbox 100 3656 851 4070">
    <p class='ocr_par' dir='ltr' id='par_1_7' title="bbox 102 3656 559 3727">
     <span class='ocr_line' id='line_1_31' title="bbox 102 3656 559 3727; baseline -0.011 -14"><span class='ocrx_word' id='word_1_254' title='bbox 102 3658 131 3726; x_wconf 78' lang='grc'><strong>1)</strong></span> <span class='ocrx_word' id='word_1_255' title='bbox 145 3659 263 3712; x_wconf 70' lang='lat' dir='ltr'><strong>luruuci.</strong></span> <span class='ocrx_word' id='word_1_256' title='bbox 282 3665 351 3727; x_wconf 59' lang='lat' dir='ltr'><strong>past.v</strong></span> <span class='ocrx_word' id='word_1_257' title='bbox 363 3657 437 3725; x_wconf 77' lang='lat' dir='ltr'><strong>Epst..</strong></span> <span class='ocrx_word' id='word_1_258' title='bbox 456 3673 481 3726; x_wconf 90' lang='lat' dir='ltr'><strong>p.</strong></span> <span class='ocrx_word' id='word_1_259' title='bbox 498 3656 559 3710; x_wconf 69' lang='lat'><strong>282.</strong></span> 
     </span>
    </p>

    <p class='ocr_par' dir='ltr' id='par_1_8' title="bbox 100 3742 807 3814">
     <span class='ocr_line' id='line_1_32' title="bbox 100 3742 807 3814; baseline -0.006 -16"><span class='ocrx_word' id='word_1_260' title='bbox 100 3746 126 3812; x_wconf 86' lang='lat'><strong>²)</strong></span> <span class='ocrx_word' id='word_1_261' title='bbox 144 3744 299 3814; x_wconf 80' lang='lat' dir='ltr'><strong>Scbmalzgr.</strong></span> <span class='ocrx_word' id='word_1_262' title='bbox 317 3743 438 3797; x_wconf 83' lang='lat' dir='ltr'><strong>Schmiar.</strong></span> <span class='ocrx_word' id='word_1_263' title='bbox 455 3742 583 3795; x_wconf 80' lang='lat' dir='ltr'><strong>Wieatner</strong></span> <span class='ocrx_word' id='word_1_264' title='bbox 600 3748 687 3796; x_wconf 81' lang='lat' dir='ltr'><strong>eontra</strong></span> <span class='ocrx_word' id='word_1_265' title='bbox 705 3757 807 3810; x_wconf 76' lang='lat' dir='ltr'><strong>paucos.</strong></span> 
     </span>
    </p>

    <p class='ocr_par' dir='ltr' id='par_1_9' title="bbox 103 3829 553 3900">
     <span class='ocr_line' id='line_1_33' title="bbox 103 3829 553 3900; baseline -0.011 -14"><span class='ocrx_word' id='word_1_266' title='bbox 103 3831 126 3898; x_wconf 80' lang='lat'><strong>³)</strong></span> <span class='ocrx_word' id='word_1_267' title='bbox 144 3832 261 3886; x_wconf 76' lang='lat' dir='ltr'><strong>instruct.</strong></span> <span class='ocrx_word' id='word_1_268' title='bbox 279 3829 433 3900; x_wconf 47' lang='lat' dir='ltr'><strong>past-*Euat</strong></span> <span class='ocrx_word' id='word_1_269' title='bbox 449 3846 477 3898; x_wconf 85' lang='lat' dir='ltr'><strong>p.</strong></span> <span class='ocrx_word' id='word_1_270' title='bbox 494 3829 553 3883; x_wconf 69' lang='grc'><strong>264.</strong></span> 
     </span>
    </p>

    <p class='ocr_par' dir='ltr' id='par_1_10' title="bbox 102 3911 851 4070">
     <span class='ocr_line' id='line_1_34' title="bbox 102 3911 851 3988; baseline 0 -20"><span class='ocrx_word' id='word_1_271' title='bbox 102 3915 127 3985; x_wconf 82' lang='lat'><strong>⁴)</strong></span> <span class='ocrx_word' id='word_1_272' title='bbox 143 3915 171 3970; x_wconf 85' lang='lat' dir='ltr'><strong>b.</strong></span> <span class='ocrx_word' id='word_1_273' title='bbox 187 3915 279 3969; x_wconf 85' lang='lat' dir='ltr'><strong>Labeo.</strong></span> <span class='ocrx_word' id='word_1_274' title='bbox 297 3919 322 3969; x_wconf 90' lang='grc'><strong>7.</strong></span> <span class='ocrx_word' id='word_1_275' title='bbox 341 3915 392 3988; x_wconf 74' lang='lat' dir='ltr'><strong>dig.</strong></span> <span class='ocrx_word' id='word_1_276' title='bbox 411 3915 443 3968; x_wconf 85' lang='lat' dir='ltr'><strong>de</strong></span> <span class='ocrx_word' id='word_1_277' title='bbox 460 3914 592 3986; x_wconf 80' lang='lat' dir='ltr'><strong>supelleei.</strong></span> <span class='ocrx_word' id='word_1_278' title='bbox 610 3913 660 3985; x_wconf 71' lang='lat' dir='ltr'><strong>lep.</strong></span> <span class='ocrx_word' id='word_1_279' title='bbox 678 3911 851 3968; x_wconf 54' lang='lat' dir='ltr'><strong>xlfflibrlo.</strong></span> 
     </span>
     <span class='ocr_line' id='line_1_35' title="bbox 104 4000 740 4070; baseline -0.006 -13"><span class='ocrx_word' id='word_1_280' title='bbox 104 4001 126 4070; x_wconf 82' lang='lat'><strong>⁵)</strong></span> <span class='ocrx_word' id='word_1_281' title='bbox 144 4001 217 4058; x_wconf 84' lang='lat' dir='ltr'><strong>Cuul.</strong></span> <span class='ocrx_word' id='word_1_282' title='bbox 236 4000 295 4060; x_wconf 81' lang='lat' dir='ltr'><strong>Gar.</strong></span> <span class='ocrx_word' id='word_1_283' title='bbox 312 4001 408 4056; x_wconf 86' lang='lat' dir='ltr'><strong>llbllll.</strong></span> <span class='ocrx_word' id='word_1_284' title='bbox 528 4003 531 4008; x_wconf 85' lang='lat'>&#39;</span> <span class='ocrx_word' id='word_1_285' title='bbox 738 4029 740 4034; x_wconf 95' lang='lat'>·</span> 
     </span>
    </p>
   </div>
   <div class='ocr_carea' id='block_1_8' title="bbox 0 0 1376 4660">
    <p class='ocr_par' dir='ltr' id='par_1_11' title="bbox 0 0 1376 4660">
     <span class='ocr_line' id='line_1_36' title="bbox 0 0 1376 4660; baseline 0 1"><span class='ocrx_word' id='word_1_286' title='bbox 0 0 1376 4660; x_wconf 95' lang='lat' dir='ltr'><strong> </strong></span> 
     </span>
    </p>
   </div>
  </div>
 </body>
</html>
