2742 4660
429 305 466 357 lte
484 306 646 360 matrimonio
664 304 804 359 scandum
822 321 859 358 se.
1197 293 1219 360 5

81 483 245 542 associatio
267 477 440 560 conjapatis
463 483 571 564 copula
594 487 670 559 (non
693 481 838 556 carnalis)
862 481 987 560 dicitur,
1019 482 1100 546 unde
1127 487 1218 565 patet,

82 583 165 665 quod
178 585 259 646 bene
272 583 424 663 dixerunt,
439 587 490 666 qui
505 584 655 664 dixerunt,
670 585 749 666 quod
765 589 982 647 consentirem
998 588 1219 648 matrimonium

81 695 127 750 est
152 691 325 750 consentire
348 691 379 748 in
393 687 544 750 carnalem
564 687 699 770 copulam
714 688 868 770 implicite,
893 705 955 750 non
979 688 1135 770 explicite:
1159 705 1220 750 non

81 795 165 853 enim
182 789 271 852 debet
282 789 421 873 intelligi,
446 793 504 852 nisi
517 795 595 854 sicut
613 791 758 872 implicite
781 795 954 854 continetur
969 791 1093 854 effectus
1117 795 1148 852 in
1165 807 1218 853 sua

81 893 247 970 causa.“¹)
270 891 356 954 Unde
374 897 509 973 sequitur
531 893 735 957 conditionem
748 899 937 958 matrimonio
949 899 1125 977 appositam,
1140 911 1217 975 quae

80 1017 142 1062 non
161 999 259 1062 solum
273 1001 362 1074 actui,
386 998 544 1058 sedetiam
562 1003 701 1078 potestati
718 999 859 1080 explicite
874 1003 1074 1063 contrariatur
1091 997 1217 1078 copulae

81 1101 223 1176 carnalis,
246 1103 425 1162 contrariam
449 1115 517 1162 esse
534 1105 735 1178 matrimonio,
759 1101 892 1182 illudque
909 1101 1038 1165 reddere
1053 1097 1218 1177 irritum.²)

81 1207 161 1268 Hinc
185 1209 209 1266 si
233 1206 455 1266 matrimonium
471 1201 665 1266 contrabatur
687 1221 755 1266 cum
777 1211 864 1286 pacto
887 1204 1028 1274 servandi
1044 1210 1218 1286 perpetuam

80 1312 270 1383 castitatem,
303 1306 522 1386 inspiciendum
546 1313 610 1387 ost,
640 1308 710 1388 quid
733 1309 892 1371 intendant
912 1314 1035 1390 proprie
1056 1326 1110 1390 per
1132 1310 1218 1392 ejus-

80 1411 164 1474 modi
195 1415 314 1491 pactum
343 1407 572 1490 contrahentes,
605 1417 704 1474 utrum
732 1412 874 1474 videlicet
895 1413 1046 1476 voluerint
1067 1413 1220 1492 deaepare

75 1519 147 1599 jus,
178 1534 216 1576 an
248 1531 321 1575 vero
345 1513 489 1576 duntaxat
512 1532 597 1576 usum
623 1516 701 1597 juris
724 1517 832 1594 lipare.
877 1514 990 1588 Quodsi
1013 1519 1219 1582 contraxerint

80 1621 138 1682 sub
168 1624 255 1700 pacto
284 1633 445 1695 expresso,
477 1635 628 1698 nunquam
659 1619 885 1684 consummandi
916 1621 1139 1682 matrimonium
1157 1619 1218 1700 juri

79 1727 292 1786 renuntiantes
314 1725 345 1782 in
368 1736 502 1802 corpora,
523 1723 585 1804 jam
609 1741 632 1785 s.
658 1723 859 1808 Congregaiio
881 1724 1068 1808 interrogata
1087 1739 1219 1804 respon-

80 1828 136 1907 dit,
161 1843 216 1889 eos
238 1824 367 1887 invalide
381 1821 626 1906 contraxisse.³t

169 1930 219 1992 lii.
246 1928 358 2004 Quoad
378 1927 549 2004 subjectam
579 1927 763 2010 (subjective
788 1948 823 1992 ac
847 1929 1027 2006 formaliter)
1051 1943 1219 1992 consensus

82 2037 307 2097 matrimonium
335 2032 470 2094 eiboiens
500 2049 569 2094 esse
597 2032 687 2094 debet
712 2031 744 2108 1)
768 2034 805 2094 de
824 2037 1001 2114 praesenti,
1025 2037 1044 2095 i.
1068 2052 1094 2096 e.
1119 2032 1219 2094 verbis

80 2153 257 2218 expressus,
281 2153 357 2216 quaa
375 2139 541 2214 praesentis
559 2141 702 2216 temporis
718 2134 970 2218 significationem
983 2133 1127 2210 babeant3
1150 2151 1217 2197 nam

79 2259 159 2324 quae
177 2241 309 2302 laturum
328 2246 444 2322 tempus
458 2239 602 2318 indicant,
628 2244 848 2303 matrimonium
863 2257 924 2302 non
944 2238 1140 2322 conjungunt,
1166 2236 1219 2300 sed
1334 2325 1338 2331 .

84 2344 249 2425 spondent;
286 2343 395 2404 deinde
426 2361 506 2424 quae
534 2343 633 2406 latura
665 2348 750 2423 sunt,
784 2343 915 2406 noudum
940 2361 1008 2406 esse
1030 2346 1219 2424 perspicuum

78 2455 142 2525 est;
166 2463 245 2528 qaae
267 2464 341 2508 vero
364 2463 426 2508 non
449 2453 538 2526 suat,
568 2465 672 2528 parum
696 2445 770 2508 nibil
792 2447 870 2510 firmi
892 2453 944 2508 aut
973 2446 1086 2510 stabilis
1109 2445 1220 2508 babere

79 2551 314 2616 existimandum
343 2547 445 2630 esui)
491 2550 529 2627 2)
550 2552 741 2616 deliberatus
771 2557 802 2612 et
829 2551 1043 2628 catamerica,
1081 2554 1152 2632 quia
1175 2554 1221 2611 est

80 2661 181 2737 pactio
205 2653 243 2717 de
265 2672 300 2716 re
323 2660 419 2738 gravi,
443 2673 567 2737 gravem
590 2656 804 2740 obligationem
827 2654 982 2732 inducens,
1006 2669 1097 2716 nemo
1119 2658 1219 2715 autem

79 2765 241 2838 censetur,
275 2775 398 2842 gravem
422 2757 478 2820 sibi
501 2757 715 2841 obligationem
737 2763 894 2840 imponere
924 2757 1021 2834 velle,
1051 2759 1110 2819 nisi
1132 2756 1220 2837 plene

78 2881 114 2925 ac
139 2863 233 2924 libere
255 2867 439 2936 consentiat;
468 2859 502 2938 3)
519 2867 655 2941 iactans,
680 2869 712 2924 ut
734 2869 815 2943 patet
837 2881 876 2926 ex
898 2867 1004 2924 natura
1027 2863 1220 2934 contractus3

80 2964 119 3041 4)
135 2983 242 3044 aeras,
267 2985 327 3028 non
344 2965 430 3027 fictus
454 2981 508 3028 seu
525 2966 699 3041 simulatus3
722 2965 759 3042 5)
782 2967 997 3041 stmauaaaaa
1022 2963 1128 3026 saltem
1151 2979 1221 3024 mo·

79 3069 192 3146 raiiter,
218 3074 249 3130 et
270 3073 321 3148 ita,
346 3075 378 3131 ut
402 3085 483 3148 casu,
508 3085 570 3150 quo
591 3085 669 3132 unus
691 3085 873 3131 consensum
893 3069 959 3150 jam
980 3071 1138 3148 praestitit,
1162 3070 1220 3128 iste

78 3177 216 3252 interea,
242 3172 338 3236 danea
360 3176 450 3234 eiiam
472 3176 639 3234 consentiat
661 3171 751 3251 alter,
776 3188 835 3234 nea
858 3188 1018 3252 expresse,
1049 3187 1108 3233 nac
1129 3173 1220 3232 tacite

80 3281 257 3350 revocetur3
290 3273 326 3354 6)
351 3294 523 3358 expressas
545 3293 620 3337 coca
648 3275 697 3340 cel
719 3276 791 3338 aliis
814 3277 932 3356 alpais,
964 3279 998 3337 ut
1020 3277 1158 3354 sequitur
1181 3290 1220 3334 ex

80 3385 185 3442 natura
209 3385 393 3459 contractus,
416 3396 555 3442 necnon
579 3395 619 3438 ex
641 3377 731 3442 Corne.
756 3377 898 3457 litarent,
923 3377 1004 3460 quod
1027 3377 1098 3441 dum
1121 3375 1219 3453 docet,

82 3485 336 3558 matrimonialem
365 3497 547 3545 consensum
570 3483 758 3566 regulariter
787 3499 841 3564 per
869 3482 960 3544 verba
984 3485 1126 3562 exprimi,
1159 3497 1220 3542 non

108 3656 129 3721 ¹)
149 3655 174 3706 S.
193 3655 279 3706 Thom.
299 3653 382 3722 suppl.
406 3671 430 3724 q.
449 3655 490 3706 48.
510 3671 532 3706 a.
552 3654 575 3706 i.
594 3653 744 3706 catechism.
767 3653 853 3706 Rom:
881 3649 998 3720 conjugii
1022 3650 1142 3720 obligatio
1162 3691 1168 3704 .
1188 3689 1217 3704 ..

149 3749 187 3792 est
206 3741 330 3804 ejusmodi
346 3741 514 3803 abalienatio,
534 3757 583 3808 qua
599 3757 630 3792 re
647 3743 702 3808 ipsa
720 3743 759 3792 vir
776 3742 884 3803 mulieri,
902 3747 927 3790 et
941 3739 1051 3791 vicissim
1063 3737 1219 3790 muliarviro
1314 3789 1319 3796 ,

150 3829 267 3895 corporis
286 3831 325 3879 sui
343 3835 495 3896 potestatem
513 3827 598 3880 tradit.
618 3828 634 3879 i.
653 3845 674 3880 c.
694 3845 718 3895 q.
737 3829 761 3880 6.

111 3916 133 3982 ²)
151 3915 177 3968 S.
195 3914 282 3969 Tlrom.
301 3915 319 3979 l,
338 3931 359 3966 c.
377 3931 444 3983 resp.
464 3915 495 3966 ad
515 3916 539 3967 3.

110 4001 132 4064 ³)
150 4001 194 4054 Dr.
204 4001 357 4066 Haehnlein,
375 4000 484 4069 Princip.
499 3999 585 4054 Theoi.
600 4001 687 4053 llloral.
706 4015 731 4068 p.
745 4001 805 4052 676.
823 4027 857 4037 -
876 3995 939 4048 Vide
957 4013 1010 4050 cas.
1028 3996 1047 4048 i,
1065 3997 1091 4046 iu
1110 3995 1219 4066 append.

107 4085 130 4152 ⁴)
149 4085 391 4139 Cateebismcllom.
409 4087 426 4137 i.
446 4103 467 4140 e.
486 4103 509 4157 a,
529 4087 552 4140 6.
1139 4108 1146 4113 ’
