2758 4664
427 235 465 292 Ito
482 235 571 292 Gouola
589 235 825 294 mouimoatnlibao.
1125 217 1193 292 &35

85 393 121 470 7)
144 393 183 458 Ut
206 399 416 478 cognoscatur,
439 411 548 458 causae
569 393 606 457 ad
629 394 820 461 obtinendam
838 395 1091 478 dispensationem
1114 397 1192 462 alle-

144 503 233 582 gatae
247 497 392 574 justitio,
418 517 473 576 ea,
504 515 581 580 quae
609 497 739 563 diximus
762 507 791 574 9.
813 496 873 580 51,
896 505 924 575 ς.
948 499 1007 580 52,
1031 507 1062 564 et
1084 507 1114 577 ς.
1138 499 1190 566 53.
1224 483 1227 490 ’

147 606 262 664 attente
284 601 465 664 consulenda
488 607 566 664 sunt.

147 703 184 764 ii.
206 703 365 768 Praeterea
392 703 540 786 parochus
568 703 618 764 vel
648 704 790 768 sacerdos
819 709 1025 770 missionarius
1054 711 1140 770 caute
1164 711 1195 768 et

56 805 225 886 prudenter
246 807 410 888 procedere
433 806 538 883 debet,
562 805 680 886 quando
708 811 806 888 ipsum
835 805 964 870 adierint
985 813 1194 890 nupturientes

57 909 161 990 aliquo
182 912 396 991 impedimento
419 911 503 994 ligati
510 931 520 986 ;
549 929 620 991 prae
646 915 762 974 cunctis
787 913 845 993 ipsi
875 909 1088 976 attondendum
1118 917 1194 974 eritc

89 1011 125 1087 1)
148 1019 246 1076 utrum
274 1032 344 1095 spes
375 1013 453 1078 adsit
480 1013 684 1095 impetrandae
714 1014 945 1096 dispensationis
976 1020 1040 1078 tum
1072 1019 1194 1094 proptor

117 1120 282 1194 'naturam
303 1117 527 1199 impedimenti,
559 1124 620 1182 tum
650 1124 771 1199 propter
798 1113 1000 1182 conditionem
1027 1133 1195 1196 causarum,

146 1238 221 1302 quas
243 1219 351 1284 afferro
373 1223 481 1286 solent.
520 1295 522 1300 ¹

90 1321 127 1398 2)
150 1322 264 1398 Quodsi
285 1341 391 1390 causas
412 1323 630 1392 insufficientes
652 1327 819 1402 inuenerit,
848 1323 910 1404 jam
932 1321 991 1386 boc
1013 1328 1115 1403 aperte
1137 1321 1196 1386 do·
1218 1401 1223 1418 x

146 1426 283 1506 clarabit,
314 1431 386 1508 quin
410 1435 509 1492 tamen
535 1427 709 1494 ullomodo
737 1425 865 1505 indicet,
898 1429 1074 1506 praesertim
1096 1425 1196 1506 quood

145 1547 251 1594 causas
272 1530 455 1606 inhonestas,
477 1551 555 1613 quae
577 1537 637 1596 siut
657 1547 767 1596 causam
789 1527 989 1604 sufficientem
1018 1533 1107 1608 stom
1128 1528 1196 1598 ilios

144 1650 199 1714 pro
222 1631 313 1696 cilicii
335 1638 383 1698 sui
405 1635 588 1717 obligatione
604 1633 772 1714 admoneat,
796 1639 830 1696 ut
850 1635 949 1712 potius
971 1647 1006 1698 se
1021 1631 1197 1696 submittunt

145 1735 309 1816 Ecclesiae,
333 1737 544 1818 impedimenta
566 1737 734 1820 hujusmodi
757 1739 915 1814 statuenti,
938 1753 1028 1816 quam
1050 1734 1115 1800 sola
1137 1751 1197 1801 na·-

144 1841 233 1904 iurali
261 1841 456 1904 inclinatione
483 1849 534 1906 ant
556 1861 646 1906 saeva
673 1839 797 1904 libidine
819 1843 907 1917 victi,
940 1837 1195 1918 dispensationem

142 1962 198 2027 pro
220 1945 352 2008 ineundo
374 1949 454 2010 inter
476 1963 510 2008 se
532 1947 720 2008 matrimonio
736 1947 886 2022 expetant,
911 1959 980 2006 com
1002 1943 1192 2021 experientia

144 2047 261 2126 doceat,
285 2047 431 2130 ejusmodi
455 2053 642 2112 matrimonia
665 2047 703 2112 od
724 2051 851 2110 eventus
874 2042 951 2106 baud
971 2047 1195 2124 prosperrimus

144 2168 214 2214 esso
229 2149 366 2228 deducta,
389 2151 440 2214 ubi
462 2169 571 2214 cauma
589 2151 820 2232 disponsationis
834 2147 941 2214 allatae
963 2164 1038 2227 pura
1061 2151 1091 2210 et
1110 2151 1194 2214 recta

143 2257 310 2318 intentione
334 2253 455 2317 luerunt
476 2252 680 2329 destitutae.¹)
1256 2329 1258 2333 .

78 2356 118 2434 3)
143 2357 175 2422 Si
189 2355 374 2420 subicientes
388 2375 497 2420 causae
510 2361 567 2438 ipsi
581 2357 750 2437 videantur,
767 2362 901 2422 oratores
916 2353 1087 2432 admoneat,
1110 2369 1196 2434 spent
1263 2387 1266 2394 ·

144 2460 266 2540 quidem
296 2461 499 2542 impetrandae
529 2461 758 2542 dispensationis
789 2459 914 2537 adosse,
953 2457 1064 2522 nullam
1096 2462 1196 2523 tamen

145 2563 211 2626 iore
233 2569 360 2647 gratiam
382 2571 584 2646 impetratam,
613 2569 670 2628 nisi
694 2581 800 2646 proces
823 2565 942 2624 verimi
965 2564 1105 2624 nitantur.

83 2665 122 2744 4)
147 2666 296 2748 Denique,
321 2671 345 2730 si
369 2667 449 2730 salva
472 2672 674 2747 conscientia,
696 2672 763 2732 sino
785 2671 925 2748 respectu
947 2662 985 2728 ud
1007 2662 1123 2726 lucrum
1146 2659 1197 2732 vel

144 2769 280 2834 favorem
311 2771 559 2851 supplicantium,
592 2772 730 2838 omnibus
761 2769 839 2834 bene
869 2769 1027 2850 perpensis
1058 2765 1195 2848 legitimo

144 2872 310 2952 dispensari
334 2891 425 2954 posse
447 2881 578 2953 censeat,
608 2881 680 2938 tunc
700 2879 734 2937 in
756 2873 856 2938 libello
878 2870 1006 2953 supplici
1028 2867 1100 2932 facti
1122 2885 1196 2948 spo·-

147 2981 224 3040 oiem
251 2977 344 3040 nitide
373 2996 408 3040 ao
435 2982 553 3040 sincere
581 2983 729 3058 exponat,
762 2981 926 3057 caveatque
949 2973 1126 3058 ditigonter,
1157 2987 1197 3036 no

144 3080 225 3142 illam
249 3081 436 3161 aliquatenus
457 3084 489 3142 in
506 3079 595 3144 rebus
617 3079 861 3144 substantialibus
881 3077 1196 3153 alteratae-immutet,

147 3181 202 3246 sed
225 3188 329 3246 stricte
352 3183 512 3246 adhaereat
533 3183 603 3264 illis,
632 3201 708 3264 quae
731 3183 769 3248 ab
790 3181 961 3248 oratoribus
983 3179 1039 3246 sibi
1061 3182 1198 3259 exposita

148 3285 280 3362 luerunt,
303 3293 341 3364 ot,
355 3287 449 3350 multo
472 3291 568 3370 magis
588 3287 746 3364 abstineat,
769 3284 897 3368 nequid
918 3283 986 3348 falsi
1007 3287 1060 3345 aui
1075 3279 1138 3346 lacti
1158 3295 1198 3350 ot

147 3393 269 3470 proprio
297 3395 423 3474 ingenio
449 3397 607 3456 inventum
634 3390 671 3454 ad
701 3394 829 3474 gratiam
857 3387 975 3454 facilius
1004 3384 1196 3452 obtinendam

147 3492 286 3556 obtrudat
307 3513 375 3556 cum
397 3499 513 3558 animae
536 3512 609 3558 suae
631 3494 820 3562 detrimento.

83 3595 122 3671 5)
147 3593 271 3676 Insuper
292 3595 386 3680 loaute
408 3603 527 3661 moneat
550 3603 685 3660 oratores
708 3597 746 3659 de
768 3601 820 3673 iis,
851 3611 929 3677 quaa
951 3593 1081 3656 diximus
1109 3609 1198 3673 supro

148 3697 186 3760 de
209 3701 315 3780 copula
337 3705 416 3764 inter
439 3701 505 3766 illos
528 3707 598 3765 ante
621 3701 670 3764 vel
691 3706 761 3782 post
782 3703 956 3787 petitionem
978 3695 1085 3767 habita.

83 3936 108 4006 ¹)
128 3932 246 3990 insnum
265 3942 329 4005 past.
347 3931 419 4004 Eyst.
437 3931 496 3990 ³32.
