2764 4664
433 271 471 327 be
488 272 578 328 musis
596 271 827 326 matrimonialibus.
1136 255 1197 326 251

146 434 263 516 jndicio
291 433 455 513 periculum
479 435 668 516 contagionis
697 430 840 495 habentes
871 439 939 495 sunt
970 449 1080 495 causae
1099 434 1200 516 justae

151 535 315 614 diuortii¹).
360 535 427 598 Non
460 543 558 598 tamen
584 535 738 598 ordinarie
775 536 875 596 febres
905 535 1053 618 malignae
1085 543 1115 598 et
1149 536 1200 599 alll

151 645 250 724 quivis
274 639 367 702 aracrbi
398 638 435 702 ad
462 639 625 701 divortium
649 637 819 716 sul'liciunt,
853 638 923 700 licet
945 637 1071 700 durante
1094 639 1200 702 morbo
1220 621 1224 628 ⁴

150 749 290 829 graviore
313 745 460 827 conjuges
483 761 516 804 se
538 763 555 805 a
579 746 645 803 tono
668 759 809 822 separare
831 737 993 820 possint2).

89 849 125 925 b')
151 849 279 910 Molesta
308 847 494 909 cohabitatio
523 863 562 906 ex
591 825 761 925 frequentia
794 845 966 926 jurgiorum
997 851 1027 906 et
1058 848 1201 923 rixarum,

151 968 225 1032 quas
254 950 417 1032 conjugum
446 948 569 1009 alterius
597 951 764 1009 inveterata
794 952 824 1006 et
855 947 998 1010 indomita
1027 947 1202 1029 improbitas

150 1055 227 1117 solet
258 1056 408 1125 cxcitarc3
438 1055 506 1131 quia
522 1057 525 1064 '
541 1052 572 1109 in
604 1049 772 1130 hujusmodi
797 1051 940 1133 conjugio
964 1049 1045 1114 salus
1067 1055 1202 1132 corporis

150 1165 180 1220 et
203 1161 322 1220 animae
345 1148 573 1235 periclitatur³).

87 1263 123 1338 7)
148 1261 287 1323 Saevitia
316 1261 437 1336 mariti,
470 1262 495 1320 si
528 1257 645 1338 capitali
683 1255 754 1317 odio
783 1261 824 1317 ita
857 1256 1012 1318 mulierem
1044 1261 1090 1320 via
1126 1277 1202 1340 per-

148 1369 309 1444 sequatur,
335 1368 366 1424 ui
388 1362 508 1423 devita
531 1379 584 1423 sua
609 1359 811 1439 periclitetur,
835 1363 861 1421 si
885 1365 1010 1422 anortem
1034 1360 1083 1422 vel
1105 1365 1200 1422 muti·
1300 1405 1317 1434 χ

149 1469 288 1529 lationem
312 1469 475 1539 minitetur,
505 1467 709 1525 necessarium
741 1467 853 1522 victum
875 1461 1024 1545 deneget,
1057 1464 1199 1526 inlamtae

148 1577 249 1632 notam
279 1573 307 1631 ei
336 1568 482 1643 imburat,
516 1573 604 1648 atque
627 1585 693 1628 cam
722 1583 783 1627 non
812 1569 845 1625 ut
873 1571 1044 1626 consortem
1069 1565 1199 1644 thalami,

149 1673 202 1734 sed
225 1678 257 1734 ut
279 1689 395 1734 servam
417 1668 572 1748 babenti).
610 1667 675 1730 Non
700 1674 799 1730 tamen
821 1666 931 1730 sullicit
954 1667 1106 1731 moderata
1130 1673 1202 1730 tan-

151 1782 212 1837 tum
240 1775 427 1852 verberatio,
461 1778 609 1851 manime,
644 1777 668 1833 si
698 1774 895 1834 correctionis
926 1789 1016 1834 causa
1047 1772 1114 1850 liat,
1146 1789 1202 1832 nec

150 1885 258 1955 unica,
294 1882 350 1941 nist
373 1877 460 1940 simul
483 1882 514 1939 in
538 1877 670 1939 futurum
703 1879 843 1937 timeatur
869 1871 1050 1956 asperiorl).
1096 1873 1153 1938 Sed
1176 1878 1202 1936 si

149 1982 315 2063 periculum
345 1984 383 2044 sit
411 1985 443 2042 in
476 1997 576 2058 mora,
609 1981 786 2042 auctoritate
815 1981 933 2059 propria
965 1981 1114 2059 separatio
1137 1975 1203 2040 fieri

149 2091 257 2167 potest.

154 2219 202 2282 lll.
227 2219 379 2302 Separatio
392 2223 496 2302 quoad
517 2228 617 2282 torum
635 2216 765 2302 justade
780 2234 880 2294 causa,
904 2217 1202 2298 saltemadtcmpos,

60 2329 178 2387 institui
192 2329 288 2404 potest
307 2328 434 2404 private
448 2327 644 2400 auctoritate,
669 2325 801 2384 cleliam
815 2319 845 2380 in
858 2326 1035 2400 perpetuum
1048 2338 1087 2382 en
1098 2327 1201 2388 unuiuo
1269 2324 1270 2328 ’

61 2446 216 2491 consensu
228 2433 257 2487 ct
269 2431 494 2508 praesertimex
506 2428 653 2490 adulterio
665 2425 849 2502 alterutrius,
861 2428 930 2506 quia
934 2424 1004 2506 jura
1025 2428 1203 2488 matrimonii

61 2537 94 2592 in
117 2536 295 2612 perpetuum
312 2532 433 2615 conjugi
457 2529 569 2594 iuiddeli
589 2529 734 2612 denegari
757 2533 889 2610 possunt.
923 2527 953 2591 Si
970 2527 1147 2591 adulterium
1165 2532 1205 2592 sit

62 2635 184 2716 publice
208 2637 368 2712 notorium,
394 2635 506 2716 conjux
528 2639 672 2696 innocens
694 2635 881 2694 auctoritate
900 2633 1033 2713 propria
1056 2631 1092 2694 ab
1115 2631 1205 2694 adul·

63 2745 130 2800 tere
153 2735 297 2798 recedere
321 2742 419 2816 potest
441 2741 530 2800 etiam
560 2738 664 2817 quoad
685 2736 959 2814 cobcditati‘onem,
988 2738 1013 2797 si
1036 2738 1076 2798 sit
1098 2733 1205 2797 occul·

63 2847 139 2917 tum,
169 2842 417 2912 controvertitur;
448 2845 596 2902 sententia
626 2845 726 2901 tamen
759 2843 948 2902 communior
978 2841 1066 2901 ctiam
1096 2841 1127 2898 in
1148 2835 1207 2899 hoc

62 2963 136 3006 casu
159 2945 304 3022 permitiit
325 2945 496 3020 innocenti,
529 2949 561 3004 ut
588 2945 706 3023 propria
730 2947 909 3006 auctoritate
932 2940 1068 3016 recedat,
1099 2939 1205 3003 saltem

63 3065 119 3129 pro
144 3046 210 3107 loro
242 3049 445 3107 conscientiae
476 3051 506 3105 et
537 3047 657 3108 secluso
689 3045 849 3122 scandalo,
884 3043 1046 3109 dummodo
1080 3049 1134 3128 ipsi
1168 3043 1206 3107 de

63 3150 214 3213 adulterio
237 3147 360 3210 alterius
383 3155 465 3211 cerlo
488 3154 615 3211 constet.
646 3149 731 3211 Ratio
755 3155 817 3229 est,
843 3153 911 3232 qula
935 3149 1068 3214 Christos
1091 3149 1145 3212 liae
1168 3147 1207 3210 de

63 3271 156 3316 causa
188 3250 389 3334 permittendo
417 3255 637 3332 separationem
673 3271 732 3315 non
762 3251 897 3314 distinxit
918 3257 998 3316 inter
1027 3251 1205 3314 adulterium

65 3357 218 3438 publicum
247 3360 278 3416 et
307 3351 501 3432 occulium⁶).
547 3355 633 3434 Diui,
665 3357 774 3418 saltem
799 3375 860 3436 pro
889 3356 1095 3418 conscientiae
1122 3351 1204 3431 scre,

63 3528 272 3540 ῌ--η--ι--ι

92 3631 115 3698 ¹)
135 3629 252 3683 clericam.
271 3627 303 3680 da
321 3643 428 3680 sacram.
448 3629 553 3681 matrim.
572 3627 649 3680 decis.
668 3629 709 3680 aa.

91 3719 116 3783 ²)
136 3718 198 3770 lust.
218 3723 283 3783 past.
301 3715 406 3783 Eystett.
426 3733 450 3782 p.
469 3716 528 3767 ³72.

92 3807 116 3872 ³)
135 3804 260 3858 Sancbea.
278 3802 320 3854 lib.
342 3805 380 3856 to.
399 3802 462 3870 disp.
484 3803 523 3856 ta.
541 3821 566 3855 n.
587 3802 625 3855 ll.
644 3801 764 3866 Schmier,
782 3801 921 3871 situatur.
940 3799 1074 3854 Wiestucr.

91 3892 116 3959 ⁴)
135 3890 278 3959 Scbmalzg.
297 3887 312 3940 l.
332 3905 354 3940 c.

92 3977 117 4043 ⁵)
136 3977 199 4030 lust.
219 3983 284 4044 past.
303 3975 373 4042 Eyst.
391 3993 416 4043 p.
436 3973 494 4028 att.

92 4068 116 4134 ε)
135 4065 161 4119 S.
180 4061 233 4133 big.
252 4061 285 4114 da
303 4069 374 4114 matr.
392 4077 418 4114 n.
436 4060 495 4115 aba.
514 4059 583 4131 Gany
603 4059 677 4115 itta.
695 4059 836 4132 Schmalag.
854 4060 870 4113 l.
889 4075 911 4117 c.
929 4075 954 4113 a.
970 4057 1028 4116 ita.
