2736 4660
192 191 259 263 noo
598 207 900 271 mammonin*

193 387 262 434 cum
284 366 564 452 Angelotaronlo,
586 367 769 430 masobrino
792 370 948 448 inemorati
961 365 1088 432 ioannis
1104 367 1223 446 Caroni,
1248 371 1325 448 prius

193 475 363 552 impetravit
376 469 580 550 Apostolicam
602 469 856 550 dispensationem
875 487 967 550 super
986 469 1204 556 impedimento
1226 469 1326 534 affini-

193 577 263 643 tatis
285 590 325 634 err
347 571 494 638 adulterio
517 576 700 636 contractae.
1082 633 1087 653 ,

278 675 415 738 Examini
444 680 534 738 etiam
563 674 696 754 subj0cta
727 673 782 736 luit
802 673 906 751 Anna,
931 673 1087 758 Virginiae
1111 683 1222 755 tnater,
1253 677 1327 758 apud

71 807 76 814 ·
193 797 281 860 quam
304 797 338 842 sc
360 784 474 860 recapit
496 777 644 856 Lucretia,
669 777 734 858 ejus
758 781 864 858 neptis.
908 776 951 840 Ea
972 785 1073 840 antem
1097 787 1199 864 negat,
1226 779 1328 864 Virgi-

192 888 274 946 niara
297 882 386 947 liliam
409 881 564 945 absentem
587 878 842 944 aliartholomaeo
856 884 963 944 marito
986 881 1080 944 luisse
1097 889 1231 962 tempore
1253 903 1328 948 con-

101 975 104 982 ’
191 989 343 1068 captionis
371 985 544 1060 Lucretiae,
578 1001 704 1064 eamque
735 982 859 1064 proinde
888 981 1015 1046 allrrnrat
1047 985 1229 1049 censendam
1261 1006 1327 1050 esse

196 1071 286 1153 filium
314 1086 449 1170 eiusdem
471 1083 699 1152 Bartholomaei.
746 1086 835 1150 Porro
858 1083 1026 1148 Lucretiam
1054 1106 1122 1150 esse
1144 1094 1174 1152 tn
1203 1108 1327 1170 posses-

195 1197 283 1258 sione
305 1191 458 1274 lfflliimae
481 1188 642 1264 filiationis,
667 1193 804 1268 sequitur
825 1206 864 1250 ex
880 1193 1069 1254 matrimonio
1086 1195 1143 1252 rite
1158 1196 1328 1262 initulnter

196 1294 454 1359 Bartholomaeum
476 1297 506 1354 et
527 1291 712 1374 virginiam,
742 1309 782 1352 cn
804 1293 977 1354 testimonio
1007 1292 1170 1372 baptismali
1194 1302 1224 1356 et
1248 1297 1327 1360 Con-

196 1401 380 1464 firmatiouis.
426 1395 488 1470 Oua
513 1398 606 1475 posita
630 1397 838 1475 possessione,
861 1393 955 1456 inlert
978 1393 1127 1474 Lucretia,
1151 1396 1228 1460 haud
1254 1417 1329 1479 qua-

195 1523 283 1586 quam
313 1502 369 1564 sibi
393 1497 516 1564 ollicere
546 1499 725 1560 contrariam
755 1499 1009 1590 asseverationem
1038 1504 1154 1578 matris,
1183 1487 1234 1562 oui
1258 1501 1329 1564 fides

193 1612 227 1670 itt
254 1606 310 1668 hoc
343 1621 403 1666 non
432 1607 513 1666 esset
542 1598 693 1678 trahenda,
728 1603 830 1660 neunt
861 1598 1003 1662 Canonici
1029 1601 1107 1680 Juris
1137 1605 1329 1684 interpretes,

195 1710 312 1786 lortim,
336 1711 405 1786 quia
428 1721 507 1776 auno
533 1698 641 1780 1725,
655 1719 715 1780 quo
738 1699 896 1762 Lucretiae
919 1702 1142 1766 Sacramentum
1165 1705 1329 1768 confirma-

195 1817 286 1876 tionis
311 1813 508 1874 ntinistratum
532 1803 603 1882 luit,
635 1801 764 1866 Bartliol.
788 1820 849 1865 non
880 1809 998 1866 eratin
1022 1809 1115 1884 vivis,
1147 1825 1183 1867 ac
1207 1809 1330 1886 proinde

197 1915 331 1998 Virginis
353 1915 426 1990 ipso
447 1909 614 1971 Lucretiam
639 1909 777 1984 tanquam
807 1905 971 1988 legitimam
995 1907 1085 1968 liliam
1109 1907 1329 2004 Bartholomaei

193 2019 373 2096 descriptam
398 2012 490 2081 tuisse
513 2011 656 2074 causavit.
701 2005 762 2068 Nec
786 2012 832 2068 est
855 2008 1062 2084 ondttendum,
1088 2009 1167 2090 quod
1192 2013 1328 2076 Lucretia

190 2127 305 2184 retinet
331 2120 430 2182 omnia
460 2113 537 2176 bonu
567 2130 583 2170 a
613 2107 838 2174 Bartholomaeo
867 2110 989 2187 relicta,
1022 2131 1116 2191 quac,
1147 2113 1328 2178 declarando

193 2225 365 2288 Lucretiam
390 2226 528 2298 tanquam
550 2213 755 2296 illegitimam,
777 2211 833 2274 sibi
857 2213 912 2276 soli
936 2230 1058 2276 semare
1081 2222 1218 2278 conatur.

190 2383 197 2390 .
281 2324 438 2388 Caeterum
460 2317 541 2402 quod
562 2319 675 2396 spectat
705 2314 742 2378 ad
765 2319 882 2394 turpem
904 2317 1152 2380 consuetudinem
1179 2317 1332 2402 virginiae

193 2447 263 2494 eum
279 2427 396 2492 Joanne
411 2425 546 2497 Caronio,
571 2417 769 2498 respondetur
792 2417 865 2480 nihil
886 2417 1092 2500 impedimenti
1113 2419 1184 2482 inde
1208 2440 1331 2482 manare

195 2532 371 2603 Lucretiae3
402 2545 470 2590 nam
502 2542 555 2604 per
585 2520 643 2582 hoc
672 2526 767 2600 potuit
798 2519 918 2602 quidem
948 2520 1086 2586 Lucretia
1117 2523 1202 2586 reddi
1237 2523 1332 2588 affinis

192 2636 301 2700 loanni
329 2631 472 2705 Carozio,
503 2624 580 2690 haud
610 2643 758 2714 qusquam
790 2631 890 2686 tamen
922 2622 1049 2686 atlinilas
1080 2625 1152 2688 huet>
1176 2627 1332 2690 Lucretiae

192 2736 427 2819 protenderetur
449 2730 486 2794 ad
509 2731 752 2812 consanguineos
775 2725 908 2808 ejusdem
931 2726 1066 2806 loannis,
1091 2735 1140 2812 qui
1165 2737 1212 2800 cst
1236 2749 1332 2794 avun-

188 2843 281 2906 culus
303 2840 453 2902 Francisot
476 2832 633 2906 Glannini,
663 2834 775 2910 sponsi.
822 2827 1069 2910 impedimentum
1099 2837 1195 2915 igitur
1225 2838 1259 2895 in
1281 2833 1331 2895 hoc

195 2946 291 3008 solum
322 2943 435 3002 versari
464 2940 582 3018 posset,
614 2931 695 3014 quod
723 2930 859 2994 Lucretia
892 2937 1029 3012 suscepta
1063 2934 1169 3016 fuerit,
1206 2921 1268 3002 non
1300 2955 1331 2997 en

188 3046 425 3113 ttaruotonaeo
458 3043 582 3116 marito,
619 3035 673 3100 sed
706 3051 745 3096 ex
773 3033 890 3098 Joanne
920 3032 1055 3099 Carozlo.
1071 3033 1096 3113 ¹)
1142 3038 1183 3100 At
1215 3039 1253 3100 ad
1283 3039 1333 3100 hoc

187 3182 191 3208 ⁷
231 3188 253 3254 ι)
477 3167 1018 3236 tcuamaotjecaiinpcdinsnat.

538 3257 568 3308 Α.
639 3255 667 3306 G.
702 3256 778 3322 stirps
796 3255 945 3306 eommunis.

284 4031 413 4084 Francus.
431 4029 557 4093 Giaunini,
