2736 4660
473 243 554 303 &aas
570 244 780 309 mariammes
1128 227 1190 298 ³37

46 395 166 480 Physici
188 403 315 460 aeuum
345 397 472 460 senilem
503 403 549 462 in.
563 404 813 484 quinquagesimo
836 415 915 462 anno
947 403 1082 486 incipere
1104 401 1190 466 ailin-

46 507 132 564 mant
153 505 361 580 communiter,
384 501 516 566 luristae
538 509 650 584 autem,
674 510 707 568 ut
729 507 930 584 suspicionem
954 505 1135 586 excludant,
1157 510 1190 568 in

46 604 161 667 lemina
184 607 341 686 sexaginta
370 623 465 668 annos
495 610 671 686 requirunt,
700 610 732 668 in
754 610 827 668 viris
854 611 1059 689 septuaginta,
1088 607 1190 688 plures

46 706 161 786 dicunt,
185 727 202 770 a
223 707 404 786 valetudine,
428 727 445 770 a
467 709 591 788 viribus,
615 707 652 772 ab
673 714 760 771 actae
780 712 861 772 vitae
883 709 1103 772 consuetudine
1125 728 1189 772 rem

46 827 117 876 esse
146 811 369 876 aasumandam
414 811 491 886 ilino
512 811 543 876 S.
567 812 597 876 C.
625 817 655 876 in
687 829 745 874 una
768 811 858 876 Paris.
887 809 935 874 die
957 810 986 876 6.
1010 810 1080 893 Maji
1106 807 1188 876 1645

46 912 218 993 respondit:
250 911 304 990 „Si
327 919 517 980 sanctissimo
539 915 668 979 Domino
689 916 836 994 placuerit
857 914 1110 996 dispensationem
1132 931 1190 996 pe·

46 1021 133 1078 titam
153 1017 337 1096 suscipiendi
355 1017 479 1082 ordines
497 1035 599 1084 sacros
611 1017 649 1080 de
671 1035 820 1083 consensu
843 1023 946 1082 uxoris
963 1016 1189 1081 concedendam

48 1135 121 1181 esse
141 1119 252 1182 :loanni
275 1119 313 1182 de
331 1117 504 1186 lloclrerou.
525 1124 557 1184 in
580 1121 675 1184 lonna
698 1127 798 1184 tamea
820 1123 1005 1198 sensissetis,
1028 1118 1190 1184 veriiioaus

46 1225 150 1283 aetate
171 1224 266 1300 ipsius
287 1225 445 1304 sexaginta
468 1221 594 1287 duorum
619 1239 777 1298 annorum,
800 1224 834 1284 et'
852 1227 950 1286 aetate
972 1223 1189 1306 quinquaginta

45 1330 116 1386 octo
137 1341 301 1400 annorum,
334 1324 474 1406 quodque
504 1330 570 1405 ipsa
592 1328 726 1388 emiserit
748 1331 850 1388 votum
881 1324 1017 1386 solemne
1044 1327 1189 1388 castitatis

45 1431 78 1488 in
101 1445 191 1490 mauu
212 1425 438 1508 Arclriepiscopi
459 1428 648 1506 Parisiensis,
672 1433 703 1486 et
724 1427 805 1508 quod
828 1445 866 1488 er
889 1431 1080 1492 attestatione
1102 1427 1189 1510 ejus·

45 1530 115 1592 dem
137 1534 171 1592 in
192 1529 270 1594 dicta
291 1549 387 1596 uxore
409 1537 509 1594 cessat
530 1534 628 1594 omnis
650 1533 884 1594 incontinentiae
905 1533 1048 1612 suspicio,
1072 1533 1188 1611 etipse

45 1637 86 1694 sit
115 1632 192 1694 bene
222 1637 346 1695 meritus
369 1633 455 1696 Sedis
482 1633 676 1714 Apostolioae
707 1632 744 1696 oh
773 1636 929 1696 servitium
960 1635 1134 1715 praestitum
1157 1631 1188 1694 S.

45 1735 283 1818 Congregalioni
310 1737 348 1798 de
371 1735 564 1820 Propaganda
593 1734 674 1798 Fide.
708 1735 772 1814 (un
808 1736 864 1818 ll..
885 1735 1004 1798 Decret.
1035 1733 1086 1801 fol
1114 1728 1188 1798 lii.

44 1842 191 1922 aterg.).

131 1985 168 2044 In
189 1996 290 2060 eausa,
315 1983 353 2045 de
375 1999 432 2063 qua
455 1971 669 2066 cognoscitur,
684 1980 918 2062 ponderandum,
942 1983 1046 2062 quanti
1068 1979 1190 2046 valeant

44 2089 224 2148 testationes
247 2083 284 2146 de
307 2090 417 2168 pietate
440 2105 475 2147 ac
497 2081 646 2170 religione
671 2089 737 2162 riri,
759 2083 832 2165 qaid
855 2087 1093 2164 experimentum
1117 2081 1189 2145 diu·-

45 2194 154 2250 turnae
177 2207 193 2250 a
215 2185 320 2251 ilorida
344 2204 439 2250 uxore
462 2189 634 2263 absentiae3
658 2187 766 2250 muller
788 2186 826 2248 de
848 2203 882 2248 se
904 2191 969 2268 ipsa
992 2184 1135 2260 allinnat,
1156 2201 1191 2247 ss

45 2303 203 2371 sperasse,
235 2291 288 2352 sed
311 2295 454 2370 inaniter,
479 2289 561 2370 iore,
598 2297 630 2353 ut
653 2292 872 2354 matrimonium
894 2293 1044 2351 secretum
1067 2286 1210 2368 publica.

44 2393 283 2458 confirmaretur.
329 2393 585 2457 Considerandum
609 2391 722 2456 idcirco
745 2409 784 2455 an
805 2389 973 2453 verendum
995 2395 1044 2469 sit,
1068 2407 1107 2452 ne
1129 2407 1188 2452 vo-

44 2505 117 2582 geta
151 2503 250 2561 aetate
281 2497 389 2558 mulier
424 2497 635 2578 desperatione
672 2497 858 2578 potissimum
889 2492 1018 2556 habendi
1049 2496 1187 2556 maritum

44 2601 82 2664 ad
112 2600 281 2684 regularem
306 2605 413 2662 statum
443 2618 476 2661 se
499 2606 609 2674 vertal;
641 2603 688 2660 vir
708 2603 824 2672 autem,
857 2601 927 2678 quia
949 2595 1189 2679 indignationem

45 2707 193 2786 principis
215 2707 309 2780 timet,
332 2701 371 2764 ob
387 2699 521 2782 dispares
545 2705 663 2781 nuptias
685 2705 722 2762 in
738 2701 856 2762 militari
874 2703 998 2761 servitio
1020 2703 1088 2762 sine
1099 2702 1189 2763 venia

46 2813 232 2886 contractas,
262 2809 293 2868 ei
315 2823 377 2868 non
398 2803 555 2868 honestam
584 2803 654 2866 inde
681 2821 698 2865 a
722 2803 827 2865 militia
855 2801 1081 2882 dimissionem,
1111 2813 1189 2864 oon-

46 2915 178 2992 sentiat,
195 2911 330 2993 ideoque
353 2927 414 2972 non
427 2911 589 2990 praecipuo
613 2909 881 2987 instinctupietalis
901 2905 1021 2984 iaciant,
1044 2922 1080 2969 ac
1094 2921 1186 2986 prop·

44 3021 131 3079 terea
154 3017 361 3078 concessionis
383 3011 550 3093 subjectum
573 3013 670 3092 ipsum
694 3008 812 3072 deiciat
833 3013 864 3070 in
887 3008 1020 3072 salutari.

132 3159 162 3224 S.
180 3159 211 3222 0.
234 3158 274 3222 ad
295 3157 428 3236 dubium,
451 3173 490 3220 au
511 3160 542 3218 et
563 3151 714 3236 quomodo
738 3151 827 3218 licem
842 3147 995 3216 Elisabeth
1010 3148 1189 3235 religiosum

43 3265 367 3346 habitumsusoipere,
392 3265 423 3322 et
443 3257 614 3342 regularem
637 3253 856 3338 professionem
879 3259 1039 3333 emittere,
1061 3257 1095 3314 in
1117 3269 1190 3317 casu

45 3375 105 3432 eto.
130 3367 179 3430 die
202 3362 254 3430 23.
277 3363 354 3428 Nor.
386 3358 465 3428 1765
495 3360 666 3450 respondite
703 3357 888 3442 ‚,lixpectet,
920 3364 952 3422 et
980 3355 1019 3420 ad
1047 3356 1190 3430 mentem,

44 3478 75 3536 et
99 3469 238 3553 amplius,
263 3465 312 3528 die
337 3463 386 3530 12.
398 3463 477 3530 Nor.
503 3463 583 3530 1767
608 3463 645 3527 ad
666 3460 746 3526 idem
768 3457 890 3532 dubium
912 3456 1085 3540 rospondit:
1108 3453 1190 3551 „Pro

42 3579 145 3661 gratia
166 3571 356 3637 admissionis
378 3565 417 3630 ad
437 3565 569 3630 habitum
592 3573 622 3630 el
646 3569 835 3640 novitiatum,
858 3565 889 3622 et
911 3559 949 3625 ad
970 3559 1190 3644 professionem

43 3698 108 3744 non
130 3676 313 3750 admittatur,
336 3670 509 3736 incomuita
531 3669 621 3735 Sacra
644 3665 914 3752 congregatione‘
925 3661 960 3739 ¹).

47 3840 257 3862 W

72 3907 98 3975 ¹)
114 3904 237 3959 Thmui.
254 3902 331 3956 reroi.
350 3900 378 3954 G.
398 3897 550 3954 Buohiuou.
568 3906 628 3950 tour.
647 3896 689 3948 29.
709 3912 734 3964 p.
754 3895 813 3958 ias,
831 3895 888 3946 2⁰5·
909 3899 968 3946 wau.
986 3887 1027 3942 si.
1046 3904 1072 3957 p.
1089 3887 1161 3978 ²⁵³2
1265 3968 1268 3974 Ι

102 4053 301 4103 nomomens-
936 4029 978 4094 22
