2758 4664
170 239 230 308 166
402 257 439 308 De
451 256 640 325 impedimentis
659 259 847 308 matrimonium
866 253 1047 308 dirimentibus.

166 419 316 478 commisit
338 413 532 491 adulterium,
566 412 728 476 accedente
758 417 958 493 promissione
988 415 1171 474 matrimonii
1204 410 1308 486 futuri,

166 523 217 581 aut
238 521 304 598 ipso
328 518 393 598 ejus
416 521 572 578 contractu
594 516 631 578 de
654 521 816 597 praesenti,
842 515 891 577 vel
912 533 972 595 quo
991 514 1087 576 lideHs
1103 534 1171 576 cum
1191 513 1310 574 infideli

152 606 384 701 'conspiraverit
405 624 437 680 in
461 635 565 678 necem
589 619 737 700 conjugis.
766 617 853 680 ilatio
876 623 932 694 est,
959 621 1027 697 qula
1049 615 1107 678 hoc
1129 635 1202 679 casu
1226 617 1310 697 liga-

166 729 215 785 tur
238 723 350 800 fidelis,
380 727 475 805 lgltur
505 725 594 782 ctiam
627 721 738 804 ligatur
764 721 895 783 infidelis
924 737 977 798 per
1004 724 1255 800 consequentiam
1280 724 1308 779 ει

146 825 321 900 indirecte,
344 829 431 905 quia,
455 827 590 902 quamvis
614 841 667 902 per
690 841 722 885 se
746 823 851 885 habilis
874 823 909 885 ad
933 827 1154 885 matrimonium
1179 827 1236 900 sit,
1270 821 1307 882 ob

163 925 379 989 inhabilitatem
412 930 503 1006 partis
533 925 628 988 fidelis
659 930 878 988 matrimonium
907 943 968 986 non
998 930 1096 1004 potest
1126 929 1306 986 consistere.

165 1029 295 1107 Excipe'
307 1033 339 1089 in
361 1047 432 1091 casu
455 1031 588 1089 criminis
611 1047 650 1089 ex
673 1028 894 1091 machinatione
917 1035 948 1090 ει
971 1029 1118 1092 adulterio
1142 1027 1251 1103 simui;
1282 1030 1307 1086 si

166 1137 198 1194 in
220 1131 279 1193 hoc
301 1149 372 1193 caso
391 1147 458 1210 pars
478 1129 619 1205 infidelis,
641 1136 737 1193 inscia
752 1137 835 1210 parte
858 1131 948 1207 fideli,
972 1137 1097 1193 mortem
1121 1129 1307 1191 machinatos

166 1233 266 1310 fuerit,
291 1233 535 1312 impedimentum
560 1251 619 1295 non
641 1239 820 1309 incurritur,
852 1251 914 1295 non
936 1235 972 1296 ab
993 1234 1121 1311 infideli,
1151 1236 1308 1312 quianon

167 1337 281 1419 ligatur
303 1357 320 1398 a
342 1336 411 1419 lege
434 1335 653 1412 ecelesiastica3
675 1355 731 1396 uec
749 1341 838 1398 etiam
861 1357 877 1399 a
900 1336 990 1414 fideli,
1015 1341 1084 1417 quia
1106 1333 1183 1397 haec
1207 1333 1309 1395 homi-

168 1439 248 1500 cidio
271 1457 333 1501 non
356 1445 402 1500 est
419 1439 561 1512 obnoxia,
585 1445 615 1498 et
630 1439 876 1518 impedimentum
898 1440 956 1501 hoc
979 1440 1018 1501 ob
1037 1438 1216 1500 adulterium
1241 1442 1308 1500 sine

164 1541 326 1604 homicidio
350 1559 411 1602 non
431 1545 609 1619 incurritur3
633 1561 734 1617 secus,
758 1547 784 1603 si
808 1542 930 1604 caedem
949 1545 1110 1621 patraverit
1133 1558 1202 1620 pars
1226 1539 1308 1601 hde-

166 1643 214 1712 lis‚
236 1643 285 1704 vel
308 1645 373 1724 ejus
397 1643 433 1706 ah
453 1643 568 1705 inlideli
586 1650 718 1723 patratae
742 1651 787 1705 εει
809 1650 969 1724 particeps;
994 1648 1063 1723 quia
1085 1649 1157 1705 tunc
1173 1642 1308 1722 impedi-

163 1751 296 1806 mentum
318 1749 479 1808 incurritur
503 1765 556 1824 per
578 1747 706 1823 fidelem,
729 1754 759 1808 ει
781 1747 928 1809 indirecte
948 1751 1037 1808 etiam
1062 1764 1114 1826 per
1134 1745 1307 1818 infidelcm3

164 1846 198 1922 3)
222 1854 336 1909 certum
358 1855 518 1923 cst-casu,
541 1868 601 1929 quo
622 1849 752 1912 infidelis
776 1855 900 1912 crimine
921 1855 953 1911 in
974 1848 1152 1911 infidelitate
1176 1853 1306 1927 patrato,

164 1957 275 2031 postea
301 1951 467 2031 baptizatus
498 1952 603 2027 luerit,
633 1959 704 2014 tunc
730 1953 946 2032 impedimento
975 1953 1043 2014 huic
1067 1971 1126 2014 non
1153 1969 1225 2014 esse
1249 1952 1307 2013 ob-

164 2057 301 2127 noxium,
324 2059 356 2115 ut
376 2059 408 2115 in
432 2073 502 2116 casu
525 2061 796 2138 consanguinitatis
820 2061 849 2115 tt
872 2055 1024 2118 allinitatis
1046 2061 1077 2117 in
1100 2055 1192 2117 simili
1218 2073 1305 2129 casu3

164 2159 235 2235 quia
256 2157 503 2237 impedimentum
527 2162 660 2219 criminis
683 2157 755 2219 nihil
779 2161 863 2237 ponit
885 2163 943 2219 nisi
967 2161 1134 2239 simplicem
1155 2158 1307 2220 inhabili-

165 2265 272 2336 tatem,
307 2263 355 2321 eui
378 2277 438 2322 non
467 2265 513 2320 est
542 2262 706 2336 obnoxius,
740 2265 860 2338 cisiis,
890 2266 940 2340 qui
970 2262 1122 2343 subjectus
1152 2266 1199 2321 εει
1228 2261 1307 2343 legi;

165 2366 411 2445 consanguinitas
428 2367 526 2423 autern
543 2367 573 2422 ει
589 2360 718 2424 allinitas
735 2368 818 2442 ponit
839 2367 871 2423 in
891 2363 1009 2424 homine
1028 2367 1184 2427 relocatam
1202 2367 1308 2447 quod-

162 2465 234 2526 dam
246 2467 389 2526 naturale
407 2472 436 2526 et
450 2485 646 2544 permaneas,
673 2466 763 2542 unde,
788 2466 938 2545 baptismo.
956 2476 1108 2548 suscepto,
1131 2487 1186 2548 per
1208 2485 1243 2529 se
1267 2485 1307 2530 ex

164 2565 233 2648 lege
255 2567 458 2630 ecclesiastica
481 2573 602 2650 exurgit
624 2569 878 2648 impedimentum.
892 2571 917 2649 ¹)

678 2766 705 2832 §.
730 2755 782 2820 43.

500 2889 564 2954 llll.
586 2889 623 2953 lic
647 2889 831 2973 impedimento
853 2897 954 2976 raptus.

247 3043 268 3107 l.
299 3046 437 3126 Raptus,
472 3051 560 3126 prout
590 3051 635 3106 εει
663 3046 909 3126 impedimentum
941 3048 1085 3111 dirimens
1116 3057 1304 3119 matrimonii

160 3145 315 3209 definitur:
348 3148 486 3210 Violenta
515 3149 655 3210 abductio
685 3150 819 3212 mulieris
842 3156 1023 3212 matrimonii
1052 3153 1177 3214 ineundi
1201 3171 1302 3218 eausa.

159 3250 216 3312 Per
244 3267 278 3312 se
307 3257 402 3330 patet,
437 3251 507 3311 nihil
531 3256 626 3334 magis
656 3251 809 3314 advorsari
839 3253 965 3314 libertati
996 3259 1178 3317 matrimonii
1213 3275 1302 3338 quam

158 3353 248 3416 talem
271 3353 460 3427 violentiam,
490 3353 567 3414 uado
588 3358 619 3414 in
651 3355 718 3438 legc
742 3355 821 3415 civili
846 3376 862 3416 a
886 3356 1082 3418 Constantino
1113 3362 1301 3438 imperatore

158 3458 370 3518 severissimae
399 3474 515 3536 poenae
537 3460 569 3518 in
592 3463 729 3538 raptores
759 3461 892 3519 sancitae
922 3458 1060 3536 suerunt,
1093 3480 1171 3541 quae
1194 3469 1302 3541 postea

159 3557 370 3620 aJustiniano
394 3579 420 3622 a.
444 3558 507 3619 ste
530 3558 606 3620 adeo
629 3558 831 3642 augebantur,
863 3566 895 3621 ut
925 3565 976 3640 qui
1008 3581 1212 3644 qttancunque
1235 3570 1304 3626 vir-

158 3664 261 3742 ginem
285 3665 466 3742 rapuissent,
491 3660 608 3739 capitali
632 3661 777 3742 supplicio
802 3662 1015 3740 plecterentur,
1036 3664 1186 3747 denegata
1212 3672 1305 3729 etiarn

156 3767 250 3842 raptis
273 3763 414 3826 facultate
438 3780 492 3843 pro
515 3767 587 3842 ipsis
609 3761 833 3839 intercedendi,
864 3783 902 3826 ue
926 3784 963 3827 eo
987 3765 1106 3848 quidem
1131 3773 1303 3846 praetextu,

184 4010 206 4080 ¹)
225 4009 379 4083 Schmalzgr.
398 4013 414 4065 l.
433 4027 454 4065 c.
474 4029 498 4065 u.
518 4014 541 4064 2.
561 4013 584 4064 3.
602 4014 650 4078 46,
667 4015 710 4065 tt.
