2736 4660
538 236 731 297 Formuiarium.
1146 215 1208 295 399

74 399 147 464 dicti
167 403 310 464 noverint
330 417 365 470 se
387 397 457 462 iidei
480 397 666 462 orthodoxae
688 399 833 476 caltores,
867 417 903 461 ac
925 393 990 460 lieo
1013 396 1119 478 dante,
1154 399 1210 462 sub

74 503 245 566 obediontia
267 509 388 568 sanctae
409 501 562 565 Romanae
584 501 738 564 Ecclesiae
761 505 864 563 vivere
888 505 918 564 at
941 506 1015 564 mori
1038 501 1206 580 intendunt,

74 615 105 668 et
127 613 159 670 in
180 609 240 670 illis
263 608 479 688 partibus‘non
502 610 573 668 satis
596 609 691 666 tutum
715 609 770 680 sit,
804 623 871 667 cum
895 605 1049 686 quibusvis
1070 610 1209 686 personis

74 716 295 774 matrimonium
319 708 507 786 contrahere,
532 711 648 790 ipsique
670 706 813 771 Oratores
835 723 923 789 pares
944 707 1094 790 religiono
1122 713 1210 770 exis-

76 810 183 891 tant¹),
208 863 214 876 .
241 863 248 877 .
272 862 279 877 .
303 815 361 892 oct,
394 813 566 894 quodcum
588 816 667 874 inter
696 809 793 873 dictos
815 808 976 889 Oratores,
1007 816 1072 873 sive
1103 826 1208 874 eorum

75 923 215 997 parentes
238 932 347 1000 graves
369 917 437 979 lites
460 915 523 992 (vel
545 919 734 988 inimicitiae)
757 917 840 977 ortae
859 915 922 996 jam
946 919 1005 976 sint
1027 914 1209 996 etdeprae-

74 1025 151 1082 senti
172 1022 234 1102 jam
257 1024 395 1103 vigeant,
428 1019 548 1084 aliunde
572 1025 690 1097 minen,
726 1035 813 1100 quam
841 1035 880 1079 ex
909 1035 998 1080 causa
1028 1023 1209 1083 matrimonii

75 1128 157 1184 inter
189 1141 244 1184 eos
276 1123 470 1186 contrahendi
506 1127 738 1204 provenientes,
781 1126 812 1183 et
839 1127 908 1185 arne
936 1121 1016 1183 illius
1053 1127 1208 1185 tractatum
1277 1149 1279 1154 ·

74 1232 216 1304 exortae,
246 1231 421 1307 certumque
444 1229 492 1304 sit,
516 1225 607 1307 quod,
638 1229 662 1287 si
685 1223 827 1287 Oratores
855 1227 911 1304 ipsi
940 1227 1069 1287 invicem
1099 1229 1209 1288 matri-

75 1330 245 1390 monialiter
266 1329 488 1411 copularentur,
511 1331 694 1407 inimicitiae,
726 1345 780 1389 sou
804 1325 871 1389 lites
894 1333 1015 1390 omnmo
1045 1347 1210 1411 compone-

74 1439 189 1510 rentur,
214 1451 268 1513 pro
290 1431 349 1493 illis
371 1436 465 1514 igitur
487 1430 702 1512 componendis
724 1449 759 1493 ao
776 1448 830 1509 pro
844 1429 924 1493 bono
946 1429 1063 1511 pacis²)
1086 1437 1210 1514 cupiunt

74 1541 213 1598 oratores
236 1533 359 1616 praelati
394 1537 583 1598 matrimonio
615 1536 767 1616 conjungi.
808 1532 882 1604 Quia
912 1551 986 1596 voro
1014 1536 1147 1599 secundo
1178 1543 1209 1598 et

74 1641 164 1725 tertio
187 1643 456 1723 consanguinitatis
478 1637 619 1721 gradibus
642 1637 740 1701 lineae
762 1641 953 1699 transversae
975 1642 1054 1700 inter
1076 1657 1109 1701 se
1132 1658 1209 1702 con-

67 1743 168 1822 juncti
191 1747 274 1821 sunt,
307 1749 339 1804 ut
369 1759 408 1802 ex
441 1741 560 1823 adjecto
591 1739 743 1803 schemata
774 1739 882 1819 liquet,
916 1739 1098 1804 desiderium
1121 1762 1207 1806 suum

73 1845 239 1925 adimplere
262 1863 322 1907 non
344 1849 479 1924 possunt,
502 1849 570 1906 sinc
592 1843 714 1924 speciali
730 1841 1078 1929 dispensationisgratia.
1109 1847 1208 1923 Quare

79 1947 342 2010 Reverendissimo
364 1965 399 2010 ac
412 1947 651 2009 clementissimo
676 1945 708 2008 lt.
727 1945 762 2007 l).
786 1943 932 2029 Episcopo
956 1947 1109 2012 humiliter
1130 1966 1207 2033 sup-

73 2049 194 2131 plicant,
220 2057 261 2129 ut,
279 2053 355 2134 legis
367 2051 590 2114 ecclesiasticae
605 2053 692 2110 venia
704 2048 1083 2132 eisclementissimedata,
1103 2061 1210 2117 matri-

74 2157 206 2215 monium
230 2160 347 2218 servata
372 2154 466 2216 forma
479 2152 601 2216 Concilii
614 2150 778 2214 Tridentini
802 2157 833 2214 in
856 2152 932 2215 facie
942 2153 1097 2218 Ecclesiae
1119 2162 1207 2238 intre,

73 2263 104 2317 et
135 2257 325 2338 postmodum
348 2263 379 2319 in
402 2275 438 2319 eo
462 2257 556 2318 libere
578 2261 609 2317 ot
630 2255 711 2316 licite
742 2259 845 2318 vivere
868 2254 1033 2335 valemt³p
1079 2259 1207 2340 Proque

74 2363 169 2443 gratia
191 2363 302 2442 gratias
324 2365 468 2423 maximas
491 2365 561 2442 aget
585 2377 629 2438 ea,
654 2377 732 2440 quae
755 2375 807 2440 par
830 2365 886 2438 est,
910 2367 1080 2426 reuerentia
1103 2369 1134 2425 et
1148 2364 1206 2426 ‹le-

73 2469 196 2525 vouone
318 2547 601 2612 Reverendissimac
624 2549 808 2612 Clementiae
833 2546 954 2612 Vestrae
1005 2597 1007 2604 .

160 2650 365 2716 lliiwauclriae
388 2651 436 2714 dia
458 2650 510 2716 20.
532 2651 605 2716 iulii
631 2648 722 2717 1859.
911 2653 1162 2718 subruioaissimus

980 2757 1015 2821 N.
1039 2757 1074 2821 N.

72 2910 102 2974 a)
120 2905 199 2966 iiiia
216 2903 375 2982 formula,
394 2905 526 2967 scilicet
540 2903 679 2982 quando
691 2903 903 2982 dispensatio
915 2909 1044 2984 petitur
1053 2924 1207 2974 excausa

72 2993 239 3054 infamiae
257 2993 413 3053 mulieris
440 3009 482 3054 cx
507 2991 672 3068 singulari
698 2991 931 3054 familiaritate
955 2998 1044 3072 orta,
1075 2997 1206 3074 absquo

195 3105 200 3118 ν
496 3079 638 3154 praevia
655 3079 789 3154 copula.

159 3193 422 3258 Reverendisaime
444 3199 502 3257 etc.
525 3201 558 3256 ut
578 3213 676 3276 supra.

114 3303 116 3308 '
160 3295 326 3380 Exponitur
350 3344 357 3360 .
382 3349 388 3363 .
414 3349 420 3363 .
446 3351 452 3364 .
476 3299 557 3378 quod
577 3303 635 3382 ipsi
657 3302 803 3380 suentes,
834 3299 1024 3392 sesecundo
1053 3298 1206 3366 affinitatis

103 3577 126 3647 ¹)
145 3560 286 3634 Periculum
304 3580 467 3636 seductionir.

100 3670 123 3734 ἲ)
142 3665 240 3719 Bonum
259 3670 336 3734 pacis,
355 3671 484 3722 inimicitia
501 3672 594 3740 pravis.

99 3753 124 3820 ³)
143 3753 236 3806 Addito
255 3757 358 3822 insuper
375 3772 406 3808 ex
425 3766 495 3824 parte
518 3756 656 3808 humillime
673 3755 772 3825 signati,
792 3754 859 3825 quod
877 3759 924 3808 uiri
938 3754 1091 3826 dispensatio
1109 3776 1206 3814 conce·

144 3839 229 3904 datur,
246 3840 322 3892 ualde
338 3841 478 3896 timiam
496 3843 569 3904 iorct,
587 3857 621 3894 ue
638 3851 751 3895 orutoraa
769 3844 795 3893 iu
813 3843 863 3894 lide
881 3853 1065 3911 pervertantur,
1082 3848 1157 3900 stab
1175 3866 1205 3900 ea

144 3927 271 3991 deliciunt,
290 3943 347 3980 curn
364 3931 390 3982 in
407 3929 463 3982 loco
480 3927 625 3986 aoetmlicis
644 3933 720 3984 mixto
737 3929 837 4001 degant.
860 3960 894 3970 -
916 3931 1070 3996 (Periculum
1092 3934 1206 3990 haerena

144 4029 190 4066 acu
209 4016 398 4085 perversioris).
