2758 4664
122 3933 139 3968 .
178 3929 180 3934 .

173 154 235 224 178
382 151 384 159 ’
419 169 457 226 lle
473 171 658 240 inpedimentis
675 167 1081 244 mtdncuiuwdirimeutibm,

171 335 223 414 qut
246 347 307 396 noc
329 327 456 393 intendit
476 333 509 394 in
526 328 595 394 loco
616 329 746 410 quodam
769 335 914 409 perpetuo
931 328 980 390 vel
1000 291 1110 420 saliem
1130 325 1316 405 adatempus

171 435 292 518 lougius
314 431 495 510 subsistere,
526 431 597 494 licet
618 432 732 516 absque
760 431 908 514 ejusmodi
938 434 1092 512 proposito
1116 448 1170 510 per
1196 447 1315 492 annum

170 543 202 600 in
224 537 292 602 loco
315 541 467 613 moretur,·
490 541 653 600 extraneus
675 544 707 600 et
728 539 909 619 peregrinus
931 539 1039 599 manet.
1050 531 1078 608 ¹)

146 649 147 652 ’
256 638 305 702 lll.
329 637 615 714 Qumtcomieitmm
637 641 814 721 appellatur,
845 641 978 717 siquis,
1006 654 1076 729 curn
1096 639 1129 696 in
1154 653 1216 696 uuo
1245 635 1316 696 loeo

171 739 278 808 babeat
299 741 500 821 domicilium,
533 743 572 806 ud.
598 743 689 806 alium
711 760 745 804 se
772 742 870 806 locum
901 739 1018 804 coelen
1046 757 1116 801 cum
1142 741 1250 808 ιιιιὰιιο
1272 737 1317 798 ibi

172 845 311 908 menendi
335 851 475 925 tempore.
485 845 623 928 longiore
644 851 676 908 et
692 847 891 924 aliquetenus
915 843 1125 918 determinate,
1148 858 1224 923 cg.
1245 841 1317 918 plu-

171 949 255 1020 ribus
277 946 445 1026 mensibus,
478 955 528 1010 aut
551 953 639 1010 edam
661 952 758 1010 annia
790 946 934 1010 Difficile
956 951 1058 1008 tamen
1087 949 1138 1006 est.
1156 961 1253 1022 saepe
1275 961 1318 1003 ex

172 1055 306 1115 externis
327 1048 501 1132 dijudicare,
524 1069 561 1114 un
579 1055 714 1114 onmem
735 1050 842 1114 alicubi
862 1067 917 1130 per
932 1048 1073 1112 ncubile
1085 1052 1204 1125 empus
1221 1045 1320 1106 habi-

173 1153 254 1219 laudi
277 1157 344 1234 quis
365 1152 487 1228 hebeat3
510 1160 624 1216 certum
647 1160 703 1230 est,
728 1157 753 1216 si
777 1169 815 1214 eo
832 1157 970 1228 accessit,
993 1151 1089 1217 solum
1112 1153 1320 1213 recreationis

172 1275 272 1333 mccc,
297 1255 333 1322 ed
356 1274 466 1336 paucos
488 1257 563 1335 dies,
588 1264 639 1320 aut
661 1261 750 1320 etiam
773 1245 995 1319 rei'iamiliaris
1017 1271 1124 1330 ceusu,
1150 1250 1320 1320 muue-

173 1377 244 1424 neru
271 1359 351 1422 illam
383 1375 439 1422 seu
468 1377 581 1422 nomm
611 1379 673 1424 uon
702 1357 859 1436 subicere,
887 1363 927 1423 'ut
959 1343 1181 1433 matrimonium
1208 1373 1319 1418 cerem

172 1462 303 1546 perocho
326 1461 384 1524 loci
408 1461 507 1526 vahde
528 1463 707 1526 contrahere
730 1455 872 1541 possit.²t
893 1459 940 1522 Ex
961 1462 1140 1522 auctoritate
1162 1457 1317 1536 probato-

171 1585 239 1644 rum
262 1566 325 1630 bit.
357 1571 389 1626 et
415 1563 666 1630 declarationibus
692 1565 721 1628 S.
753 1564 785 1628 C.
815 1563 847 1626 0.
877 1559 1318 1643 quasi-domidlium-haheri

173 1675 314 1732 censetur
335 1668 372 1731 ab
394 1673 432 1730 iis
459 1741 470 1750 ι
1240 1661 1244 1664 ’

164 1777 172 1788 ·
201 1769 235 1846 1)
258 1777 310 1853 qui
331 1771 498 1838 studiorum
521 1789 612 1836 mursa
634 1774 665 1834 in
688 1769 817 1850 eliquare
840 1770 940 1834 locum
961 1769 1206 1850 proficiscuntur

203 1874 238 1951 2)
261 1879 312 1954 qui
334 1877 366 1937 in
391 1873 573 1950 civitatibus,
595 1871 728 1952 oppidis,
752 1877 838 1954 pagis
860 1879 916 1936 ele.
929 1871 1104 1936 ‘famulatus
1123 1889 1214 1936 causa
1241 1889 1319 1932 ver-

259 1960 384 2055 entur,'
395 1975 444 2036 vel
460 1976 560 2055 aliquo
577 1975 635 2040 alto
653 1991 781 2048 munere
794 1959 995 2053 detineantur,
1010 1981 1062 2038 aut
1076 1973 1203 2054 periculi
1222 1991 1318 2036 causa

260 2096 299 2144 ex
322 2078 411 2158 helie,
435 2077 484 2142 lue
507 2077 673 2158 epidemica
695 2082 728 2140 in
750 2077 816 2140 loco
840 2077 981 2142 domicilii
1004 2073 1219 2160 gressuutc33)

200 2181 236 2260 3)
258 2203 275 2248 ι
299 2181 456 2261 militibus,
489 2185 540 2262 qui
571 2181 680 2244 alicubi
708 2181 825 2263 degunt
852 2185 885 2242 in
915 2183 1037 2254 casnm
1065 2179 1135 2243 binc
1158 2181 1222 2258 illi,
1257 2186 1317 2244 nisi

259 2285 387 2353 babeant
407 2283 596 2348 sacerdotem
617 2288 769 2365 proprium
780 2282 953 2364 Apostolica
970 2287 1150 2352 auctoritate
1166 2301 1319 2364 seu-spe-

259 2391 328 2452 ciali
343 2389 480 2470 Episcopi
494 2370 677 2450 bioeceseos
694 2391 858 2470 provisum,
883 2404 983 2464 coram
1006 2386 1065 2448 loci
1083 2385 1214 2466 parocho
1236 2405 1319 2450 con-

76 2501 79 2506 ·
179 2553 183 2558 ,
259 2491 379 2557 trahere
402 2491 514 2554 debent
536 2486 812 2564 matrimonium&

175 2645 382 2658 uum-—

201 2732 224 2794 ¹)
242 2731 303 2784 lust.
321 2739 384 2799 poet
406 2729 476 2796 Eyct.
496 2747 520 2800 p.
539 2731 599 2782 342.
699 2757 701 2762 v
871 2749 875 2754 ·
1235 2757 1240 2760 ·

202 2819 227 2884 ²)
242 2816 373 2870 benedici.
392 2815 457 2870 XlV.
481 2819 539 2868 lust.
564 2815 625 2868 eccl.
644 2814 685 2868 33.
708 2812 862 2882 achmeirgr.
887 2817 923 2867 tic
947 2817 972 2868 3.
993 2833 1019 2868 ιι.
1040 2817 1098 2871 448.
1122 2815 1161 2870 Ex
1184 2817 1318 2872 decisione

242 2903 321 2956 lictae
338 2905 363 2954 iu
384 2901 517 2954 llutiuens.
536 2905 578 2954 27.
590 2900 664 2954 Febr.
679 2900 753 2952 1637.
767 2899 841 2978 idern
859 2899 1002 2973 dicendum,
1020 2905 1042 2954 si
1060 2906 1116 2972 quis
1135 2920 1163 2956 se
1180 2907 1208 2956 in
1226 2906 1317 2958 villam

242 2989 283 3042 vel
308 3004 401 3058 pagum
419 2990 551 3042 treuclerai
575 2985 772 3050 reficeceret,
797 2993 840 3038 aut
858 2986 983 3038 fructuum
1008 2989 1209 3058 colligendorum
1228 3009 1318 3056 causa,

242 3083 270 3124 ut
288 3082 353 3124 teste
370 3073 456 3126 Riccio
475 3077 575 3142 saepius
594 3065 747 3124 declaratum
767 3081 805 3124 est
822 3090 838 3123 a
855 3073 935 3137 llote;
953 3071 1036 3126 addita
1055 3077 1162 3148 ratione,
1180 3079 1243 3146 quia
1263 3095 1316 3129 non

243 3159 341 3222 dieitur,
359 3159 395 3210 ihi
413 3161 514 3227 proprie
533 3159 683 3209 commorari
702 3165 727 3210 et
745 3157 865 3210 habiture.

200 3246 224 3312 ³)
241 3245 370 3298 Benedici.
390 3244 455 3296 xiv.
474 3247 490 3297 l.
509 3261 531 3296 c.
549 3243 593 3294 ubi
610 3244 687 3294 rel'ert
704 3243 754 3294 duo
772 3259 893 3312 responsa
911 3245 936 3296 S.
953 3243 983 3297 0.
1002 3244 1030 3298 0.
1057 3248 1084 3312 l)
1102 3261 1134 3298 ιιι
1153 3249 1237 3299 valeat
1257 3265 1317 3300 rne-

240 3335 385 3384 trimonium
403 3339 559 3383 contractum
579 3345 663 3382 corant
683 3329 791 3396 parocho
810 3329 859 3382 loci
877 3331 952 3391 illius,
976 3331 1020 3384 ubi
1038 3332 1215 3385 contrahentes
1234 3351 1314 3402 repe-

240 3423 355 3480 riuntur,
373 3434 424 3468 non
442 3419 525 3468 animo
543 3415 577 3468 ibi
596 3415 749 3470 domicilium
768 3416 952 3481 constituendi,
975 3417 1021 3468 sed
1039 3422 1200 3472 recreationis
1219 3437 1315 3484 causan

242 3505 270 3570 2)
289 3504 399 3572 etquid,
420 3505 440 3554 si
459 3501 611 3554 contrahens
630 3496 662 3552 ibi
682 3509 793 3552 moretur
807 3508 928 3569 tauquam
947 3511 1056 3570 praetor,
1072 3505 1151 3569 judex
1169 3504 1211 3560 vel
1230 3506 1315 3558 medi-

241 3607 286 3643 cus
305 3586 478 3658 temporalis?
513 3587 552 3638 Ad
572 3589 679 3655 primurn
698 3586 828 3656 respondit
845 3588 870 3638 8.
889 3585 917 3640 (l.
937 3586 965 3640 C.
983 3607 1033 3640 eon
1049 3590 1146 3654 calere,
1167 3591 1200 3642 ed
1218 3609 1316 3646 secun-

241 3679 315 3728 dum:
333 3677 481 3727 calere.-
499 3672 622 3736 semeher,
640 3671 682 3724 lib.
700 3674 724 3725 3.
743 3673 766 3724 d.
786 3675 827 3726 23.
846 3671 949 3725 Gonzal.
967 3677 1033 3726 inc.
1053 3676 1098 3726 liu.
1117 3675 1168 3742 huj.
1182 3680 1220 3732 tit
1241 3677 1315 3732 lleil·

240 3761 364 3826 leuetuel‚
381 3760 503 3822 Schmier.

199 3845 267 3913 ⁴)S.
286 3845 314 3900 C.
333 3843 361 3898 G.
381 3848 405 3898 6.
419 3845 492 3898 llari
512 3821 592 3910 lcot;
611 3845 653 3897 28.
666 3841 733 3896 lunii
753 3846 827 3898 1704.
847 3840 1052 3901 bencdictlllll.
1071 3845 1243 3964 Quaestcun.
1256 3814 1312 3902 182.

241 3932 316 3986 lnetr.
334 3929 400 3984 Pest.
420 3931 490 4000 Eyct.
509 3949 534 4000 p.
552 3933 611 3985 347.
