2764 4664
79 244 85 258 ,
143 161 207 234 248
505 179 541 232 Do
561 179 650 232 Cnosis
669 179 902 238 uarrnucuiatttm.

142 336 365 418 impedimentis
388 355 426 400 ex
449 337 517 420 lege
541 338 666 400 naturali
690 338 871 416 orientibus,
903 359 937 404 ac
962 340 1086 420 proinde
1109 338 1198 404 valde
1221 335 1286 403 du-

143 441 224 504 bium
246 443 300 517 sit,
332 458 369 502 an
393 457 559 504 consensus
582 460 649 502 cum
679 442 729 504 tuli
758 443 969 523 impedimento
999 447 1160 522 praestitus
1191 445 1285 507 etiam

144 543 318 608 naturaliter
349 547 388 610 sit
421 542 547 608 validus.
592 542 650 606 Sed
678 544 734 608 hoc
767 563 827 608 non
860 547 1015 623 obstante,
1048 551 1072 608 si
1103 552 1211 628 agatur
1244 543 1285 605 de

142 645 357 726 impedimento
388 646 574 729 ligaminis¹)
604 650 635 706 in
665 667 736 711 casu
761 654 894 731 urgentis
926 655 1113 712 necessitatis
1137 647 1287 727 probabi-

143 748 212 812 liter
228 753 449 814 matrimonium
473 749 584 830 absque
601 756 796 814 renovatione
815 771 991 829 consensus,
1015 753 1120 816 saltem
1144 769 1184 812 ex
1197 755 1287 832 parte

142 851 389 932 impedimentum
412 857 589 934 ignorante,
623 853 805 916 convalidari
836 874 925 934 posse
955 855 1082 918 videtur.
1111 855 1200 916 Ratio
1225 859 1285 930 est,

143 957 213 1036 quia
235 955 292 1018 hoo
314 954 557 1034 impedimentum
582 955 674 1016 multo
699 956 881 1036 probabilius
904 977 964 1020 non
996 964 1041 1018 est
1065 959 1102 1020 de
1129 959 1202 1039 Jure
1226 975 1288 1020 rra-

59 1122 71 1133 ,
144 1057 250 1134 iurati,
264 1058 265 1062 ’
280 1057 334 1120 sed
364 1056 401 1118 de
424 1057 494 1139 lege
524 1057 623 1120 divina
651 1063 802 1138 irritante,
836 1082 870 1126 ac
893 1062 1018 1141 proinde
1041 1079 1209 1125 consensus
1232 1060 1288 1122 illo

144 1159 281 1226 obstante
305 1159 479 1221 naturaliter
509 1165 608 1223 uranei
631 1181 721 1224 verus
751 1183 932 1240 consensus3
960 1165 1076 1228 sublato
1106 1168 1200 1246 igitur
1223 1167 1289 1222 im-

146 1261 317 1342 pedimento
340 1281 393 1341 per
416 1269 541 1326 ruortem
559 1269 665 1343 prioris
688 1268 839 1349 ccrtjugis,
864 1267 912 1328 ille
937 1285 1102 1330 consensus
1116 1265 1290 1328 virtualiter

146 1383 324 1446 permanens
348 1365 487 1428 sul'licere
505 1365 622 1430 videtur
645 1369 742 1449 (juxta
766 1388 854 1448 supra
877 1371 955 1432 diota
979 1371 1153 1455 adsensum
1177 1368 1207 1430 S.
1220 1368 1288 1452 Lig.

145 1472 188 1543 [i.
212 1466 262 1532 63.
287 1467 347 1545 l.])
377 1469 414 1532 ad
442 1469 633 1534 efficiendum
667 1477 896 1536 matrimonium.
928 1473 1018 1556 ,llinc
1049 1471 1080 1550 l)
1105 1477 1131 1534 si
1156 1477 1287 1550 utraque

144 1587 214 1650 pars
245 1575 466 1636 trtotriruonium
500 1573 575 1636 bona
618 1573 677 1636 lule
716 1580 915 1653 contraxerit,
951 1595 1008 1638 uria
1045 1583 1145 1636 autem
1178 1581 1287 1654 postea

144 1677 314 1750 certiorate,
340 1679 470 1754 priorem
494 1677 655 1758 conjugem
690 1683 823 1758 tempore
846 1679 968 1742 secundi
994 1683 1172 1742 matrimonii
1206 1695 1287 1743 con-

147 1777 235 1842 tracti
257 1775 354 1841 adhuc
377 1781 507 1857 vixisse,
533 1779 612 1858 quod
635 1785 733 1842 taurea
756 1781 841 1842 alteri
867 1787 939 1861 parti
969 1788 1034 1844 sine
1058 1801 1167 1864 magno
1191 1799 1286 1844 scan-

146 1876 213 1941 tatu
247 1884 303 1940 etc.
333 1880 461 1944 revelari
492 1899 551 1946 non
582 1887 694 1962 potest,
727 1889 948 1952 matrimonium
980 1883 1163 1946 convalidari
1194 1902 1287 1964 posse

145 1979 265 2048 videtur
287 1981 399 2062 absque
421 1989 616 2048 renovatione
639 2004 814 2064 consensus,
838 1989 942 2053 saltem
966 2009 983 2050 a
1004 1995 1087 2071 parte
1108 1991 1285 2070 ignorante.

145 2085 181 2160 2)
204 2084 234 2148 st
257 2103 315 2154 una
339 2103 406 2164 pars
429 2086 507 2150 bona
530 2087 589 2152 lide
612 2095 806 2168 contraxerit,
830 2095 919 2155 etiam
942 2097 973 2152 in
996 2091 1053 2155 hoc
1075 2109 1158 2166 casu,
1181 2095 1286 2170 impe·

145 2187 280 2256 dimcnto
302 2205 356 2268 per
379 2196 504 2253 urortem
528 2192 653 2271 sublato,
679 2199 835 2258 renovatio
858 2213 1022 2258 consensus
1045 2213 1085 2256 ex
1108 2198 1192 2274 parte
1216 2191 1285 2256 cul-

146 2290 254 2373 pabili,
276 2309 361 2372 -quae
384 2313 401 2360 a
425 2299 568 2374 principio
600 2315 660 2358 uon
690 2303 785 2376 potuit
812 2297 923 2360 habere
954 2315 1134 2360 consensum
1165 2313 1283 2372 verum,

142 2393 184 2464 aut
206 2395 476 2464 convalidaticnem
502 2403 691 2478 matrimonii,
721 2401 832 2480 absque
859 2404 962 2462 notitia
985 2401 1070 2462 alteri
1102 2402 1179 2477 parti
1202 2397 1283 2472 data,

146 2499 287 2564 sulficere
309 2500 428 2562 videtur
450 2507 480 2562 in
505 2508 632 2583 urgente
656 2500 881 2575 necessitare2).

176 2671 199 2738 ¹)
217 2669 392 2724 Communiter
419 2675 536 2739 negative
564 2671 727 2738 respondetur
755 2674 827 2722 etiam
856 2675 879 2722 in
905 2690 964 2729 uersu
993 2671 1067 2738 hujus
1097 2669 1285 2736 impedimenii3

214 2757 342 2810 Wiestnor
359 2759 395 2808 sic
414 2755 501 2807 habet:
521 2757 564 2818 „st
584 2755 720 2825 conjugum
740 2759 799 2820 uni,
818 2761 926 2825 priorem
946 2773 1019 2808 suum
1037 2757 1077 2809 vel
1097 2756 1200 2807 alterius
1219 2770 1285 2806 con·

213 2844 300 2914 jugem
315 2844 368 2909 jam
387 2842 488 2911 quidam
508 2851 642 2905 mortuum,
660 2852 772 2908 tempore
791 2851 873 2896 tarnem
892 2845 1012 2894 contracti
1037 2843 1189 2894 matrimonii
1209 2848 1284 2906 post-

216 2932 305 2985 erioris
330 2931 412 2982 adhuc
437 2932 596 2996 superstitem
620 2929 709 2988 fuisse,
738 2940 804 2982 certo
828 2932 981 2992 innotescat,
1008 2929 1117 2982 debitum
1142 2926 1285 2994 aconjuge

141 3079 143 3084 Ι
217 3017 366 3068 matrimonii
385 3017 530 3083 posterioris
550 3019 649 3084 exigere
668 3024 692 3064 et
711 3015 934 3086 exigeniireddere
947 3017 1041 3083 nequit,
1059 3023 1194 3082 antequam
1215 3021 1285 3080 post·

218 3103 286 3152 erius
310 3101 359 3152 hoc
382 3105 567 3153 matrimonium
592 3117 718 3152 consensu
740 3119 786 3168 per
810 3103 887 3152 cerdo
909 3104 939 3152 de
961 3103 1095 3168 praesenti
1120 3099 1151 3149 ud
1175 3107 1285 3167 atroque

218 3186 380 3248 ratificatum,
408 3204 453 3241 seu
472 3188 503 3238 de
521 3205 587 3242 novo
606 3197 759 3238 contractum
780 3190 823 3250 sit,
848 3199 873 3239 ut
891 3185 956 3238 Jurls
975 3187 1077 3236 omnino
1097 3187 1157 3236 certi
1176 3193 1201 3234 et
1221 3186 1284 3234 ratio

218 3273 284 3324 clara
304 3281 353 3336 est3
378 3273 518 3342 quodcum
539 3275 661 3342 posterius
680 3275 879 3337 matrimonium,
906 3277 987 3340 priore
1009 3273 1119 3340 cunjuge
1137 3269 1221 3320 adhuc
1238 3285 1283 3322 su·

217 3361 319 3426 perodio
339 3361 436 3421 indum,
455 3367 557 3426 propter
576 3359 700 3428 ligaminis
718 3360 923 3426 impedimentum
942 3360 1049 3410 necdum
1067 3357 1193 3412 subletum
1211 3357 1285 3408 tuerit

216 3446 365 3508 invalidum,
383 3454 418 3508 ut,
437 3446 615 3512 impedimento
633 3463 678 3514 per
697 3448 787 3512 prioris
805 3446 918 3514 conjugis
936 3445 1030 3498 obitum
1046 3443 1153 3510 ¹sublato,
1172 3441 1284 3496 secundo
1368 3457 1371 3470 ¹

215 3533 374 3584 matrimonio
392 3530 475 3582 valide
494 3531 602 3596 copulati
622 3534 673 3582 veri
687 3531 808 3598 conjuges
823 3531 940 3589 evadant,
958 3533 1039 3597 posito
1063 3546 1129 3579 novo
1147 3536 1283 3596 mutuoque

216 3633 341 3670 consensu
356 3619 421 3668 inter
436 3635 479 3669 eos
493 3627 550 3668 ante
563 3620 651 3668 initum
664 3617 780 3668 ratificari
796 3635 839 3668 seu
864 3617 895 3666 de
914 3633 979 3667 novo
992 3614 1105 3666 contrahi
1125 3613 1283 3674 occesserit,

216 3720 247 3755 ex
265 3711 348 3755 mente
363 3704 392 3755 D.
402 3703 488 3757 lhom.
501 3706 525 3756 l.
544 3704 653 3756 distiti.
670 3711 765 3772 quaest.
779 3706 844 3754 uuio.
858 3713 900 3754 art.
914 3705 938 3756 4.
957 3703 1092 3758 Wiestner.
1107 3703 1141 3754 tit
1154 3701 1195 3755 21.
1210 3703 1282 3754 mill.

219 3789 260 3842 21.
287 3789 439 3860 Schmalzgr.
1220 3841 1223 3849 Α

178 3877 201 3942 ¹)
219 3873 347 3927 Benedici.
366 3875 431 3928 XlV.
450 3880 475 3928 in
494 3878 510 3928 l.
529 3894 549 3928 c.
570 3878 594 3927 in
614 3874 685 3928 simili
704 3891 764 3926 casu
783 3889 933 3928 coricensum
956 3873 1130 3932 renovandum
1148 3886 1205 3932 ease
1221 3889 1282 3930 cen·

217 3967 256 4016 set
273 3961 385 4038 quidem,
403 3963 460 4026 sed,
485 3961 570 4015 verbis
589 3963 665 4032 ipsius
685 3959 749 4014 bene
773 3963 918 4030 perpensis,
943 3962 1077 4028 praecipue
1095 3957 1205 4023 idoneo,
1226 3961 1282 4028 quia
