2736 4660
506 227 586 284 &sus
604 227 807 281 matrimoniales.
1151 211 1218 280 3113

77 379 195 443 duabus
218 385 371 462 personis,
405 389 435 446 et
458 387 583 467 perinde
607 391 653 448 est
675 403 710 448 ac
732 388 758 447 sl
787 391 868 447 esset
897 385 954 448 alla
981 385 1166 467 conjunctim
1190 393 1221 448 et

76 489 172 561 certe,
196 487 273 546 sicut
295 487 327 545 ln
350 491 626 572 consanguinitate,
652 507 730 570 quae
750 506 790 549 cx
812 487 923 568 duplici
945 495 1030 568 parte
1052 494 1218 572 consurgit,

77 587 190 668 duplex
220 591 267 648 est
297 588 433 669 ejusdem
460 593 617 678 sauguinis
648 591 896 667 communicatio,
931 594 972 652 ite
1001 594 1033 652 ln
1062 587 1217 670 affinitate,

75 707 155 770 quae
177 707 216 751 en
239 689 355 771 copulis
386 711 453 755 cum
481 695 591 778 duplici
621 697 846 776 consanguinea
875 692 1075 770 contrahitur,
1108 691 1219 775 duplex

74 791 126 853 illa
149 797 296 854 seminum
319 799 493 860 commixtio
516 799 655 875 habetur,
689 813 766 876 quae
788 795 936 876 duplicem
960 799 1055 876 pariat
1084 793 1220 858 affinita-

77 901 147 958 tem.
193 895 288 978 lgitur
311 895 422 977 duplex
444 903 500 962 erit
527 907 558 961 et
586 902 855 982 consanguinitatis
879 899 1031 960 vinculum
1065 903 1096 960 in
1120 905 1217 980 primo

75 1016 157 1075 casu,
183 1004 213 1058 et
234 1001 264 1060 in
288 999 382 1063 altero
404 1001 514 1083 duplex
536 1001 687 1069 vinculum
710 999 871 1064 affinitatis.
917 1000 1008 1080 Atqui
1036 1005 1068 1062 in
1091 1001 1218 1081 dispen-

74 1105 193 1164 satione
216 1119 294 1183 quae
317 1101 403 1166 datur
425 1122 478 1186 pro
501 1105 629 1186 simplici
652 1104 790 1183 viuculo,
815 1123 875 1168 non
898 1107 1069 1167 continetur
1090 1103 1218 1185 dispen-

74 1209 152 1266 satio
177 1223 230 1284 pro
253 1204 374 1285 duplici,
399 1225 473 1292 ergo
496 1215 554 1270 etc.
600 1190 658 1270 Sed
688 1206 823 1270 advertat
845 1211 963 1284 tamen,
994 1225 1124 1288 eumque
1148 1225 1221 1270 mo-

75 1313 146 1368 neat
168 1306 391 1388 confessarius,
417 1315 449 1372 ut
470 1315 503 1372 in
524 1315 669 1393 petitione
693 1329 754 1372 nou
778 1315 892 1374 tantum
913 1313 1060 1392 exprimat
1082 1307 1218 1372 affinita-

76 1414 113 1471 tis
137 1411 403 1491 impedimentum,
437 1413 517 1495 quod
547 1419 651 1498 viget,
681 1412 735 1474 sed
759 1419 888 1494 exponat
921 1398 1010 1474 ellum
1038 1413 1216 1476 'allinilatem

75 1513 211 1591 alteram,
234 1518 266 1576 in
289 1533 346 1596 qua
370 1515 425 1578 luit
447 1515 644 1598 dispensatus,
663 1517 749 1598 juxta
774 1515 1002 1596 probabiliorem
1025 1519 1213 1594 sententiam,

75 1623 106 1678 ct
129 1618 251 1700 stylum,
276 1624 307 1680 ct
329 1617 494 1702 praxlm¹)·

504 1843 573 1908 Cas
584 1861 624 1906 us
647 1841 782 1907 XXXIX.

420 1994 572 2072 01111111,
590 1993 870 2062 caecutiamus

159 2151 317 2236 Postquam
342 2153 476 2218 medicus
498 2153 659 2218 Januarius
682 2151 719 2218 de
743 2153 810 2216 Vito
832 2151 990 2216 Franclsco
1020 2159 1050 2214 et
1072 2154 1218 2218 Therasia

70 2255 206 2330 Urbano,
241 2255 348 2331 vidua,
380 2255 429 2320 die
452 2255 503 2321 26.
528 2257 669 2319 Deccmb.
697 2255 777 2320 itio
809 2263 942 2336 temere,
975 2257 1027 2319 sed
1050 2259 1213 2337 incessum,

70 2378 140 2420 cum
165 2357 311 2438 parochus
334 2377 367 2422 se
390 2359 426 2422 ab
449 2379 553 2423 corum
577 2361 673 2423 oeulis
696 2363 864 2440 opportune
888 2359 1080 2436 subtraxerit,
1107 2363 1214 2422 matri-

71 2463 206 2524 monium
230 2461 406 2524 contrahere
430 2468 594 2541 tentarunt,
627 2463 821 2544 subsequenti
855 2459 903 2522 die
926 2459 977 2524 28.
1007 2461 1078 2522 dicti
1102 2467 1217 2526 mensis

70 2563 266 2640 Dominicus,
301 2565 371 2628 dicll
394 2565 526 2628 ianuarii
550 2571 634 2648 pater
663 2569 694 2627 in
718 2563 804 2628 Curia
828 2563 996 2646 Episcopali
1026 2562 1214 2626 denuntiavit

68 2665 319 2746 impedimentum
342 2672 476 2730 criminis
499 2685 538 2729 ex
560 2667 707 2730 adulterio
730 2685 797 2728 cum
821 2671 1019 2748 promissione
1041 2671 1132 2743 inita,
1163 2669 1213 2727 vi·

72 2774 165 2830 vente
196 2773 291 2850 primo
321 2773 387 2831 viro
419 2769 515 2832 dictae
548 2770 724 2846 Theresiac,
762 2777 792 2831 ct
821 2770 888 2852 eJus
916 2773 1018 2831 secuta
1048 2775 1144 2830 morie
1174 2785 1217 2830 ex·

70 2876 228 2954 propinato
250 2889 369 2934 veneno
393 2891 409 2934 a
432 2873 582 2936 Theresia.
627 2872 773 2936 Absoluta
791 2873 855 2953 jam
879 2889 1030 2952 processu,
1055 2876 1086 2931 et
1111 2871 1213 2952 publi-

70 2981 139 3036 cato
170 2975 342 3055 superdicto
373 2975 602 3056 impedimento,
636 2974 685 3036 dle
714 2971 765 3037 26.
798 2973 894 3037 Martii
927 2969 1027 3054 iiiii,
1057 2971 1211 3052 Therasia,

71 3081 230 3158 praetextu
253 3081 354 3162 gravis
378 3077 471 3140 morbi
495 3079 641 3142 advocato
665 3075 813 3158 parocho,
845 3093 946 3138 coram
969 3095 1005 3138 eo
1034 3083 1066 3137 ct
1082 3075 1212 3156 ,latitas

72 3183 296 3242 matrimonium
326 3199 391 3242 cum
422 3180 501 3244 dlclo
529 3177 672 3245 Januarlo
703 3177 880 3242 contrahere
910 3183 1127 3259 praesumpsit;
1158 3179 1212 3241 sed

71 3281 161 3342 Curia
184 3279 367 3363 Episcopalis
391 3283 440 3346 22.
466 3283 560 3366 April,
584 3303 637 3366 per
659 3285 837 3344 sententiam
861 3281 1068 3359 denuntiavit,
1092 3279 1218 3343 obstare·

69 3382 317 3464 impedimentum
350 3393 526 3451 canonicum
563 3391 696 3449 oriminis
735 3384 773 3447 ob
812 3383 956 3446 adulteria
985 3387 1154 3470 commissa
1181 3389 1217 3445 et

70 3490 200 3548 mortem
224 3485 418 3552 machinatam
443 3507 510 3552 cum
533 3508 652 3552 veneno
676 3487 826 3571 quondam
844 3484 967 3549 Nicolao
990 3484 1122 3567 hugelo,
1145 3487 1210 3546 viro

70 3587 252 3667 Theresiae,
286 3597 316 3651 et
343 3597 560 3656 matrimonium
589 3598 668 3656 inter
695 3609 748 3654 eos
777 3609 837 3654 non
867 3607 935 3652 esse
964 3586 1209 3666 contrahendum,

70 3696 129 3754 nisi
153 3695 272 3772 praevia
296 3694 517 3778 dispensatione
540 3695 732 3777 Apostolica,
756 3701 882 3776 utroquo
906 3689 1113 3771 machinante,
1142 3710 1209 3758 cum

97 3981 120 4050 ¹)
140 3979 220 4034 Casus
240 3978 382 4039 Concedent.
402 3983 531 4040 Benedict.
549 3983 614 4041 xlv,
633 3985 682 4040 vol.
702 3985 730 4040 V.
749 4003 805 4060 pag.
826 3984 881 4043 itt.
