2758 4664
165 217 228 288 216
524 233 561 284 De
579 229 669 286 Cauris
688 233 919 286 matrimonialibus.

166 394 303 458 revelare
326 396 430 473 potest.
476 389 564 452 Ratio
587 395 650 468 111,
675 395 753 471 quia,
778 391 993 470 impedimento
1016 389 1143 469 sublato,
1168 407 1306 452 eonsen-

76 511 80 518 ·
166 514 218 561 111
241 495 406 558 virtualiter
436 494 542 556 saltem
565 511 744 573 permanens
775 493 885 555 suffieit
916 493 953 554 ad
977 491 1169 554 efficiendum
1195 497 1307 556 matri-

167 604 309 664 monium.
355 597 553 662 Confirmatur
582 613 621 658 ex
650 601 733 678 praxi
757 595 925 670 Ecclesiae3
956 599 1083 674 etenim,
1116 599 1237 676 quoties
1268 614 1308 656 ex

166 704 381 784 impedimento
401 705 479 785 juris
509 705 628 782 positivi
658 703 741 760 irrita
770 703 957 762 matrimonia
980 699 1116 763 contecta
1146 699 1308 762 laetania

168 825 277 890 magua
300 805 453 867 homiuum
477 804 676 881 multitudine,
701 809 733 864 ut
756 819 843 864 casus
866 809 929 862 erat
953 801 1090 863 Indorum
1113 821 1204 881 supra
1223 803 1307 864 rela-

168 915 225 988 111,
250 912 314 970 1111
337 907 395 968 ulla
417 906 619 969 notificatione
642 925 676 967 ea
700 907 863 966 universim
887 904 1114 967 convalidantur
1128 905 1307 985 Apostolica

170 1014 346 1092 interposita
370 1007 554 1090 potestate¹).
600 1009 635 1087 2)
651 1007 775 1082 Quando
798 1026 871 1069 vero
894 1025 1035 1088 unapars
1058 1009 1307 1089 impedimentum

168 1115 245 1175 bone
275 1117 465 1196 cognoverit,
499 1114 548 1174 vel
579 1115 668 1173 etiam
699 1109 819 1192 quando
848 1116 975 1191 utraque
1005 1114 1141 1172 notitiam
1172 1111 1308 1192 impedi-

169 1221 262 1278 menti
285 1215 387 1294 babet,
419 1235 477 1277 uua
501 1223 599 1276 tamen
629 1220 749 1276 recusat
772 1218 997 1276 renovationem
1021 1231 1203 1292 consensus,
1238 1220 1308 1276 tunc

169 1338 237 1382 cum
258 1319 326 1396 illa,
356 1336 433 1399 quae
456 1322 576 1382 conscia
599 1325 645 1380 111
667 1315 884 1396 impedimenti,
908 1323 947 1391 ct,
970 1323 1113 1398 quantum
1136 1321 1168 1377 in
1191 1335 1227 1379 se
1251 1325 1307 1393 est,

167 1439 348 1486 consensum
372 1421 434 1482 vult
457 1439 615 1498 renovare,
639 1418 871 1500 dispensandum
894 1427 941 1480 est
971 1419 1082 1483 infore
1101 1423 1309 1482 conscientiae

166 1525 224 1586 hoe
246 1524 296 1585 vel
319 1524 407 1586 simili
433 1524 537 1586 modo:
561 1523 650 1608 „Ego
673 1528 819 1602 potestate
841 1521 1016 1602 Apostolicu
1040 1522 1109 1582 milti
1134 1523 1308 1603 specialiter

168 1632 198 1688 11
220 1643 363 1706 expresse
394 1625 570 1688 demandata
602 1629 822 1688 matrimonium
845 1645 861 1686 a
887 1631 914 1685 ie
938 1625 973 1684 N.
997 1623 1033 1684 N.
1065 1643 1133 1686 cum
1156 1623 1191 1684 N.
1216 1623 1252 1685 N.
1275 1629 1307 1685 in

168 1745 317 1792 consensu
347 1728 442 1792 adhuc
465 1735 662 1810 permanente
692 1729 815 1790 nulliter
845 1733 1028 1790 contractum
1058 1731 1088 1788 in
1117 1728 1217 1789 radice
1241 1729 1308 1809 ejus

168 1849 240 1896 sano
263 1837 293 1893 11
316 1831 487 1910 consolido,
518 1831 693 1913 prolemque
725 1837 892 1912 susceptam
922 1837 952 1892 et
975 1831 1197 1908 suscipiendam
1222 1831 1307 1914 legi-

168 1941 268 1999 timam
292 1935 422 2027 declaro,
445 1939 476 1996 in
499 1940 620 1998 nomine
642 1933 671 1996 P.
695 1935 726 1996 F.
750 1933 798 2016 Sp.
822 1940 930 1997 s....“
978 1930 1013 2005 3)
1037 1932 1066 1995 Si
1090 1951 1164 1996 vcro
1186 1934 1308 1995 nullitas

168 2042 348 2102 matrimonii
378 2038 495 2118 publiea
526 2043 584 2116 sit,
623 2037 660 2100 ad
702 2037 851 2118 publicam
883 2035 1055 2098 scandalum
1088 2035 1306 2098 removendum

168 2142 317 2224 ejusmodi
343 2141 524 2222 dispensatio
550 2158 604 2204 seu
629 2143 745 2202 sanatio
770 2142 887 2202 notorie
919 2138 1108 2218 perficiatur,
1141 2143 1306 2201 autetiam

167 2250 299 2323 secreto,
324 2248 349 2306 si
372 2241 410 2304 ad
431 2245 560 2324 aliquam
584 2241 819 2323 praecavendam
843 2242 1096 2321 perturbationem
1131 2246 1173 2302 ita
1206 2245 1304 2303 visum

168 2348 276 2425 fuerit,
313 2345 475 2409 dummodo
506 2353 605 2407 tamen
637 2345 720 2408 loeus
753 2349 792 2408 sit
819 2344 1001 2426 evulgaiioni
1033 2351 1171 2424 peractae
1200 2348 1308 2406 matri-

167 2454 260 2514 monii
290 2452 453 2513 sanationis
483 2465 537 2510 seu
573 2449 823 2528 dispensationis,
863 2467 920 2528 qua
950 2448 1099 2527 publicum
1130 2446 1305 2509 scandalum

167 2571 302 2638 congrue
324 2558 517 2615 removeatur
527 2549 564 2626 2).

254 2655 413 2730 Quaeram

255 2758 425 2834 Quaeritur
449 2753 497 2832 19>
521 2755 679 2827 Quomodo
703 2755 867 2836 procedere
900 2754 1007 2818 debeat
1029 2759 1236 2822 confessarius
1259 2759 1309 2821 vel

168 2861 324 2944 parochus,
349 2865 375 2922 si
398 2857 620 2922 matrimonium
644 2857 792 2940 quoddam
816 2876 884 2920 esse
906 2859 1069 2920 invalidum
1094 2861 1246 2925 detexerit
1270 2881 1308 2923 ex

169 2965 269 3044 aliquo
299 2964 532 3044 impedimento,
564 2961 644 3042 quod
680 2979 777 3040 neque
807 2979 861 3042 per
890 2967 1116 3024 renovationem
1140 2982 1307 3026 consensus

170 3083 269 3147 neque
292 3084 345 3146 per
377 3067 629 3147 dispensationem
662 3069 726 3125 sive
758 3065 846 3127 modo
870 3063 1023 3128 ordinario
1055 3069 1120 3127 sive
1149 3071 1181 3128 11
1206 3067 1307 3130 radice

171 3169 235 3232 tolli
259 3169 381 3250 potest?

258 3278 290 3352 111.
317 3267 349 3348 1)
372 3269 400 3336 Si
423 3271 669 3352 impedimentum
693 3275 731 3334 sii
754 3271 904 3352 publicum
935 3276 968 3332 11
991 3288 1082 3334 seusu
1108 3272 1306 3353 1111111111-

170 3379 240 3454 nici,
264 3375 443 3460 conjugibus
462 3373 704 3455 praecipiendum
724 3379 783 3453 est,
807 3380 839 3436 ut
855 3390 889 3435 sc
906 3380 1046 3454 separent
1069 3374 1167 3456 quoad
1188 3373 1305 3438 thorum

200 3659 457 3728 ι)()111111111111.,
481 3669 508 3712 ut
530 3663 613 3714 reteri.
633 3659 727 3725 011111,
754 3663 878 3712 concessit
901 3661 1001 3714 cuidam
1025 3657 1137 3732 Procopo
1163 3663 1306 3717 facultatem

242 3755 290 3812 „ut
307 3754 406 3799 sanaret
428 3749 453 3797 in
472 3748 577 3810 radice,
604 3763 654 3798 nou
673 3750 772 3800 monitis
791 3747 902 3816 partibus
920 3748 997 3800 multa
1016 3751 1174 3801 matrimonia
1198 3751 1306 3804 invalide

241 3832 302 3884 inita
320 3831 353 3883 ob
371 3833 473 3882 nimiam
491 3831 633 3884 facultatem
652 3843 812 3902 acceptarum
831 3836 1032 3886 extensionem.“
1059 3835 1145 3888 Simile
1163 3835 1223 3905 quid
1241 3839 1307 3890 uoci·

197 3952 199 3956 .
241 3916 279 3968 dit
296 3931 347 3968 non
364 3917 440 3986 longo
459 3925 573 3984 tempora
592 3917 684 3970 abhinc
703 3921 729 3970 in
748 3919 819 3970 bisce
837 3922 980 3986 provinciis.

203 4003 225 4070 ²)
243 3999 319 4055 eat.
338 3999 455 4073 Capria
474 4019 495 4058 1.
514 4003 575 4056 lust.
593 4008 617 4071 ς.
637 4004 677 4057 11.
