2764 4664
181 139 246 211 268
530 156 567 210 lte
585 155 760 210 Celehmticue
777 153 935 226 Nuptiarum.

266 313 316 379 lll.
339 313 370 378 Sl
393 313 636 397 impedimentum
659 314 818 398 detegatur
847 317 877 377 et
905 311 943 376 ad
965 310 1125 396 paroehum
1155 311 1316 396 deleratur,

181 424 333 484 examinet
354 417 662 500 prius-denuntiantis
678 435 848 498 personam,
872 435 909 480 an
931 421 971 480 stt
991 421 1078 479 testis
1101 421 1184 480 omnl
1208 435 1318 499 excep-

181 527 264 586 tione
287 523 391 604 major,
415 521 511 604 qualis
533 539 615 584 unus
634 522 698 603 jam
721 519 831 582 suflicit
853 520 890 582 ad
908 519 1093 602 probandum
1115 521 1318 602 impedimen-

181 613 254 703 tum,
277 625 418 708 quamdiu
440 626 662 686 matrimonium
679 621 811 685 nondum
835 628 881 686 est
895 623 1134 702 contracinm¹);
1157 625 1267 687 deinde
1288 629 1319 688 in

179 734 274 812 ipsam
296 725 502 810 impedimenti
525 726 706 790 delationem
730 728 859 806 inquirat
882 733 912 790 et
932 725 1051 809 quando
1074 744 1148 792 vera
1170 746 1240 792 esse
1262 729 1319 790 de·

180 833 239 897 lata
261 829 509 913 deprehenderit,
540 849 593 912 pro
616 835 733 894 ratione
757 834 1047 893 circumstantiarum
1077 837 1199 895 moneat
1221 831 1319 896 ohno-

180 941 274 1012 xium,
297 942 330 998 nt
352 941 403 998 aut
426 955 442 998 a
466 937 822 1016 propositomatrimonio
844 931 978 1010 desistat,
1001 939 1053 996 ant
1064 934 1319 1016 dispensationem

180 1043 361 1121 competenti
385 1038 452 1101 loco
474 1043 505 1100 et
521 1036 611 1100 modo
633 1042 784 1118 impetret3
808 1036 861 1099 sed
874 1040 899 1098 si
923 1035 1106 1101 contrahens
1128 1037 1320 1103 nihilominus

181 1133 400 1205 matrimonium
430 1145 555 1225 urgeat,
586 1157 636 1202 res
667 1141 704 1203 ad
733 1139 913 1221 Episcopum
944 1139 1107 1210 deleratur.
1124 1179 1174 1192 --
1195 1142 1320 1217 Quando

181 1247 280 1309 nullus
310 1243 431 1326 quidem
461 1247 546 1306 testis
569 1242 682 1321 desert,
712 1242 766 1305 sed
796 1259 900 1306 rumor
930 1243 1075 1308 duntaxat
1106 1245 1261 1310 suboritur
1282 1246 1320 1308 da

181 1349 281 1431 aliquo
303 1346 532 1430 impedimento,
557 1351 603 1408 est
631 1347 708 1410 bene
736 1346 977 1430 dijudicandum,
1010 1349 1118 1430 quibus
1141 1361 1159 1412 e
1187 1348 1318 1414 fontibus

182 1451 341 1534 prodierit;
372 1455 449 1514 etsi
473 1449 575 1512 iirmns
606 1454 790 1530 eonstiterit,
825 1457 929 1515 contra
962 1470 1030 1514 eum
1056 1455 1228 1536 juramenta
1257 1457 1319 1513 tum

181 1559 424 1640 propinquorum,
449 1559 652 1634 tumlpsorum
669 1552 908 1618 contrahentium
924 1560 1006 1640 exigi
1023 1561 1176 1637 poterunt,
1201 1552 1319 1638 quando

182 1664 292 1723 veritas
325 1665 393 1722 antu
426 1662 646 1721 matrimonium
680 1659 842 1722 ineundum
874 1676 929 1742 per
955 1665 1053 1741 ‚testes
1084 1659 1221 1744 indagari
1261 1675 1320 1722 non

183 1760 329 1848 potestti.
1212 1775 1217 1778 ·

266 1863 316 1932 lV.
362 1867 406 1928 De
428 1869 556 1948 peractis
586 1864 885 1947 proclamationibus,
917 1871 942 1929 sl
966 1872 1050 1930 extra
1072 1866 1171 1930 locum
1195 1872 1322 1932 contra-

101 2017 105 2022 .
181 1969 273 2033 hendi
297 1961 476 2033 matrimonii
509 1969 573 2032 lieri
606 1967 750 2048 debeant,
781 1969 944 2050 parochus,
968 1989 984 2033 a
1007 1989 1067 2052 quo
1097 1975 1320 2034 matrimonium

180 2074 404 2151 solemnizatur,
428 2073 535 2135 litteris
557 2076 712 2135 certiorari
728 2072 816 2135 debet
840 2073 1075 2154 aproclamante
1090 2074 1219 2155 parocho
1244 2074 1321 2138 suh-

180 2179 299 2262 scripus
321 2177 481 2260 sigilloque
497 2173 655 2256 parochiali
671 2181 803 2258 munitis,
829 2178 937 2259 quihus
960 2182 992 2240 in
1008 2179 1116 2240 litteris
1129 2181 1321 2241 contineatur

181 2266 243 2342 tres
265 2297 334 2342 esse
357 2280 607 2362 proclamationes
630 2278 721 2342 laetas
745 2285 896 2343 neminem
912 2281 1062 2346 connubio
1084 2281 1216 2345 ineundo
1242 2300 1321 2346 con-

181 2381 341 2446 tradixisse
364 2382 538 2466 nullumque
561 2387 612 2445 aut
635 2383 692 2446 tale
703 2383 949 2472 impedimentum
972 2401 1040 2446 esse
1055 2383 1195 2449 delatum.
1223 2383 1321 2448 Ante·

181 2504 268 2570 quam
291 2485 346 2550 hae
367 2483 487 2550 litterae
518 2487 734 2550 testimoniales
763 2487 799 2550 ad
830 2485 991 2571 parochum
1020 2492 1243 2552 matrimonium
1267 2507 1323 2555 so·

209 2718 231 2786 ¹)
249 2717 347 2770 liceret.
365 2716 408 2770 lib.
427 2718 451 2770 2.
470 2725 487 2768 t.
505 2717 547 2768 20.
566 2732 586 2768 c.
606 2717 647 2768 22.

209 2805 232 2872 ²)
250 2803 348 2858 liceret.
366 2804 408 2856 lih.
427 2803 451 2856 4.
470 2811 488 2855 t.
508 2803 529 2856 1.
547 2819 569 2855 c.
587 2805 629 2858 27.
655 2803 714 2857 lust.
732 2801 877 2872 pastEyst.
896 2803 912 2855 l.
931 2819 953 2858 c.
970 2833 1005 2843 -
1023 2801 1089 2868 Quid
1107 2796 1165 2874 eget
1183 2803 1321 2872 parochus,

250 2893 292 2961 qui
310 2889 392 2960 pridie
408 2890 449 2942 vel
468 2890 556 2941 eodem
575 2889 625 2954 die,
644 2906 693 2960 qno
712 2891 897 2942 matrimonium
917 2897 955 2942 est
973 2890 1186 2950 contrahendum,
1206 2905 1240 2942 ex
1259 2907 1322 2943 cen-

250 2978 359 3032 fessioue
382 2978 456 3028 unius
480 2992 632 3044 sponsorum
661 2976 756 3046 detegit
781 2977 987 3045 impedimentum
1016 2977 1117 3047 aliquod
1135 2977 1274 3042 dirimens,
1292 2994 1323 3030 ex

250 3063 334 3133 alique
351 3055 455 3116 crimine
472 3062 571 3116 occulto
590 3071 682 3127 ortum,
700 3071 725 3114 et
742 3065 841 3116 interim
852 3065 935 3116 omnia
953 3070 1107 3133 suntparata
1126 3061 1157 3114 atl
1172 3065 1323 3118 convivium

250 3149 364 3218 nuptiale
387 3158 434 3202 etc.
469 3149 538 3200 Dens
562 3166 629 3218 resp.
647 3149 774 3202 Parochus
797 3148 872 3200 dehet
895 3153 1037 3220 excogitare
1060 3157 1206 3219 praetextus
1231 3151 1324 3203 matri·

185 3237 187 3242 '
251 3237 362 3288 monium
381 3234 526 3300 differendi,
550 3235 631 3289 donec
650 3235 802 3306 dispensatio
822 3236 895 3288 luerit
917 3236 1020 3288 obtenta
1045 3235 1076 3288 ab
1095 3237 1235 3306 Episcopo,
1254 3254 1281 3290 v.
1299 3254 1324 3306 g.

250 3320 427 3390 persuadendo
445 3338 547 3390 sponso,
567 3331 594 3374 ut
612 3331 703 3376 voveat
721 3323 860 3376 castitatem
880 3338 925 3390 pro
943 3321 987 3374 tali
1005 3330 1128 3390 tempore,
1146 3331 1194 3374 etc.
1231 3323 1284 3376 Sed
1304 3325 1324 3375 si

250 3407 385 3461 Poenitena
404 3407 523 3461 desistere
541 3425 592 3461 nou
610 3409 671 3462 velit
689 3425 704 3461 a
722 3409 832 3478 petendo
857 3410 1028 3474 matrimonio,
1055 3417 1157 3462 tenetur
1183 3409 1325 3478 parochus,

251 3497 271 3546 ai
291 3494 393 3546 aliunde
410 3495 615 3564 impedimentum
634 3499 800 3559 uonnoaerit,
820 3495 902 3548 eidem
921 3499 1045 3548 assistere.
1064 3496 1119 3560 „oe
1137 3504 1214 3548 matr.
1225 3513 1254 3550 ιι.
1266 3497 1324 3550 134.

219 3574 220 3577 '
251 3581 369 3634 Similiter
387 3580 438 3635 alii.
458 3582 515 3644 Sed,
535 3584 582 3637 nisi
601 3586 703 3636 omnino
722 3584 807 3648 iallor,
827 3582 941 3654 equidem
961 3597 1069 3646 censeo,
1088 3583 1229 3652 Episcopus
1248 3599 1325 3652 pesse

229 3667 236 3696 ³
251 3683 406 3738 praecavere
434 3675 531 3720 tautum
555 3669 679 3736 ejusmodi
704 3669 861 3722 diltlcdltatea
890 3670 965 3720 nimis
994 3669 1148 3736 periculosas
1176 3669 1325 3740 delegando

250 3755 368 3826 parochia
396 3753 539 3806 facultatem
562 3755 723 3824 dispensandi
747 3759 773 3808 iu
797 3755 888 3808 talibus
917 3753 1016 3807 casibus
1039 3755 1263 3822 ernaurdiuariis,
1297 3759 1324 3809 in

252 3841 342 3912 quibam
364 3841 412 3910 ipsi
438 3856 468 3892 ex
491 3842 675 3896 consuetudine
699 3843 845 3914 dispensant
873 3849 997 3914 potestate
1023 3843 1161 3897 ordinaria
1183 3841 1216 3896 cl.
1235 3843 1262 3914 s.
1281 3841 1323 3898 ts.

250 3927 283 3983 11.
300 3927 344 3981 111.
361 3942 387 3980 ιι.
405 3926 428 3980 4.
