2742 4660
119 261 157 326 12
358 277 395 329 De
413 279 584 342 matdmonio,
606 284 730 346 quatenus
749 286 788 329 est
806 232 1004 330 Sacramentum.

115 436 268 498 utriculum
292 441 322 497 et
335 436 505 517 conjunctio
529 435 565 496 ad
589 435 772 498 individuam
789 441 870 498 vitae
886 441 1060 499 societatem
1085 442 1115 498 et
1132 443 1252 499 actuum

116 530 319 622 conjugalium
334 537 548 600 exhibitionem
569 539 704 621 obligans
721 547 857 618 exparte
876 543 1043 620 utriusque,
1067 558 1140 622 ergo
1154 537 1178 612 ¹)
1193 545 1250 601 etc.

116 643 165 710 Sic
189 643 331 719 Sanclrez,
357 641 524 722 Scbmalzg.
548 641 674 706 Leuren.
700 649 729 702 ct
751 643 800 704 alii
825 643 953 722 plurimi.

203 741 431 820 Quaerebat)
456 763 493 806 au
506 743 729 806 Sacramentum
753 750 791 807 sit
815 749 1044 821 matrimonium,
1071 745 1150 826 quod
1174 744 1254 806 fide-

119 849 245 916 liscum
269 847 381 913 tutideli
405 867 443 908 cx
466 847 637 926 Apostolica
661 848 880 928 dispensatione
902 849 978 910 init?

207 950 433 1032 improbabilius
450 953 607 1029 nepotioc:
629 951 714 1012 Ratio
731 959 786 1031 est,
811 957 889 1033 quia,
914 957 991 1014 sicut
1006 972 1088 1014 ainus
1111 957 1142 1014 in
1165 960 1253 1015 utro-

116 1072 174 1134 que
198 1055 329 1137 conjuga
352 1060 398 1116 est
421 1060 601 1132 contractus,
625 1059 665 1116 ita
688 1074 779 1117 unum
799 1073 918 1136 quoque
941 1062 971 1116 et
993 1063 1153 1138 utrumque
1176 1075 1255 1119 con-

115 1157 294 1218 trahentium
312 1156 446 1218 alliciens
458 1155 693 1234 Sacramentum,
715 1163 747 1217 ut
762 1157 871 1219 dicium
891 1164 937 1218 est
952 1158 1134 1238 probabilius
1147 1177 1252 1238 supra3

115 1259 190 1320 Hinc
214 1260 262 1320 vel
292 1265 323 1319 in
354 1266 481 1339 utroque
511 1278 579 1322 esse
602 1259 826 1324 Sacramentum
857 1259 960 1338 debet,
992 1262 1041 1322 vel
1069 1267 1101 1322 iu
1132 1269 1251 1340 neutro,

118 1364 194 1424 sicut
216 1367 247 1424 in
271 1368 398 1443 utroque
421 1363 468 1423 vol
492 1365 523 1422 iu
546 1370 653 1426 neutro
676 1369 722 1424 est
744 1368 930 1439 contractum>
950 1381 1010 1425 non
1033 1371 1252 1444 potestantem

115 1483 182 1526 esse
206 1465 430 1528 Sacramentum
454 1485 493 1527 ex
516 1472 600 1545 parte
622 1465 761 1543 infidelis,
787 1472 889 1545 utpote
912 1471 961 1547 qui
986 1474 1053 1528 ante
1070 1467 1253 1546 Baptismum

117 1573 149 1626 ut
172 1566 354 1629 Sacrameuti
385 1568 549 1646 recipiendi
578 1573 719 1648 incapax3
751 1587 824 1650 ergo
848 1587 946 1650 neque
975 1587 1013 1630 ex
1032 1565 1125 1650 ‘parte
1156 1569 1253 1632 tidelis

117 1668 346 1730 Sacramentum
364 1675 428 1733 erit.
475 1671 524 1734 Sic
546 1675 626 1732 citati
650 1677 797 1734 auctores
807 1669 834 1747 ²)

201 1772 370 1847 Quaeritur
393 1770 457 1849 3⁰):
481 1773 529 1837 An
553 1778 784 1853 ntatrimouium‚
808 1775 844 1836 ab
867 1773 1036 1836 infidelibus
1053 1781 1250 1853 contractum,

115 1877 141 1937 si
163 1879 213 1938 isti
236 1880 448 1939 convertantur
471 1877 508 1938 ad
531 1875 636 1955 iidem,
662 1884 792 1938 transeat
813 1881 844 1938 in
868 1877 1113 1940 Sacramentum?

182 1985 232 2058 tp.
256 1979 415 2042 Affirmant
437 1981 605 2060 complures
627 1987 765 2043 auctores
786 1985 886 2063 magni
909 1985 1048 2060 nominis,
1073 1985 1124 2062 qui
1149 1988 1249 2044 tamen

113 2081 247 2144 bilariam
271 2081 457 2160 dividuntur3
490 2085 539 2146 alii
568 2103 635 2145 cum
659 2081 791 2146 Sancben
822 2089 997 2162 censentes,
1031 2088 1252 2147 matrimonium

112 2189 146 2245 in
177 2184 352 2246 infidelitate
382 2192 565 2248 contractum
599 2191 724 2248 transire
754 2191 784 2248 in
814 2187 1037 2250 Sacramentum
1071 2205 1123 2266 per
1152 2192 1251 2266 ipsam

112 2287 297 2350 Sacramenti
329 2287 468 2369 baptismi
499 2294 737 2370 susceptionem,
770 2289 819 2350 alii
852 2295 973 2352 econtra
1004 2309 1071 2352 cum
1102 2290 1253 2368 bellarm,

112 2391 262 2472 baymam
293 2397 323 2452 et
346 2393 410 2454 aliis
435 2399 590 2472 tenenteS,
622 2393 659 2456 ad
682 2393 908 2456 Sacramentum
940 2398 1121 2456 matrimonii
1143 2397 1174 2454 in
1197 2393 1256 2455 boc

112 2511 184 2555 casu
213 2499 332 2574 praeter
354 2496 535 2576 Baptismum
560 2501 671 2576 requiri
703 2500 930 2560 renovationem
954 2515 1119 2560 cousensus
1146 2501 1256 2560 matri-

115 2598 262 2660 monialis.
308 2597 366 2662 Sed
389 2597 425 2660 ab
449 2599 514 2661 aliis
540 2605 668 2681 negatur
697 2603 822 2679 utraque
845 2605 992 2662 sententia
1022 2600 1126 2662 saltem
1156 2617 1255 2680 aeque

145 2855 165 2921 ¹)
185 2855 249 2906 llinc
268 2853 405 2904 notandum
425 2863 477 2917 est,
504 2871 551 2905 nec
570 2854 726 2904 traditionem
741 2854 806 2919 juris
825 2857 850 2904 in
869 2857 981 2922 corporis
1001 2839 1089 2918 usum,
1114 2855 1256 2909 maritalem

184 2959 231 2992 nec
257 2954 406 2990 consensum
431 2941 456 2990 in
481 2939 546 2990 banc
570 2941 726 2991 traditionem
751 2957 897 3008 expressum
923 2958 952 2991 ex
975 2957 1026 2991 una
1052 2950 1123 3009 parte
1147 2949 1257 3005 tantum,

184 3027 263 3077 altera
290 3034 361 3092 parte
387 3025 497 3078 nondum
521 3027 636 3078 tradente
661 3044 707 3078 neo
730 3029 915 3095 consentiente,
940 3027 1040 3079 ellicerc
1064 3028 1257 3098 Sacramentum

185 3112 336 3162 matrimonii
361 3127 405 3178 pro
425 3112 502 3163 altera
522 3123 605 3179 parto,
629 3114 674 3164 sed
693 3113 849 3201 traditiouepn
874 3121 984 3164 mutuam
1009 3123 1033 3164 et
1055 3129 1206 3166 consensum
1227 3131 1259 3166 ex

187 3207 294 3266 utraque
313 3206 386 3263 parte
404 3198 487 3248 datum
508 3208 533 3249 et
551 3203 648 3250 unitum
668 3200 772 3266 requiri,
790 3208 818 3249 ut
836 3199 902 3250 adsit
919 3201 1023 3250 materia
1041 3208 1066 3251 et
1080 3200 1162 3250 lornra
1181 3200 1258 3266 liujus

184 3284 349 3336 sacramenti.
368 3283 396 3335 ln
409 3285 576 3336 celebratione
595 3287 669 3354 igitur
686 3286 835 3335 matrimonii
854 3301 945 3351 sponsa
964 3285 1075 3340 nondum
1095 3288 1221 3352 particeps
1234 3295 1260 3337 et

184 3369 210 3420 sn
223 3369 377 3421 sacramenti
389 3387 434 3438 per
446 3388 592 3438 expressum
612 3387 626 3420 a
641 3386 734 3436 sponso
748 3386 899 3422 consensum
918 3371 962 3420 sed
975 3379 1035 3422 tunc
1051 3371 1162 3443 demum,
1181 3372 1258 3424 sinml

184 3473 240 3507 cum
260 3471 367 3522 sponso,
393 3456 492 3526 quaudo
512 3460 589 3524 ipsius
608 3472 747 3507 consensus
771 3473 828 3508 cum
847 3459 932 3523 sponsi
952 3457 1109 3508 antecedenti
1128 3475 1259 3509 consensu

188 3545 273 3594 unitus
295 3542 377 3593 luerit.

141 3630 163 3694 ²)
182 3627 255 3691 Quod
274 3630 349 3680 etiam
368 3644 398 3679 ex
417 3629 464 3680 boc
483 3636 567 3696 patet,
594 3629 661 3697 quod
680 3628 803 3690 diximus,
823 3627 1011 3680 Sacramentum
1030 3627 1258 3680 matrimonii‘nou

186 3716 276 3766 confici
302 3731 347 3782 per
370 3715 527 3764 traditionem
548 3719 577 3764 et
603 3731 752 3766 consensum
778 3731 808 3765 ex
834 3723 1006 3766 unaitantum
1029 3722 1114 3782 parte,
1141 3715 1186 3764 sed
1213 3733 1259 3782 per

183 3811 294 3852 mutilam
314 3800 472 3850 traditionem
497 3808 520 3849 ct
539 3816 690 3851 consensum
709 3817 740 3851 ex
763 3809 869 3868 utraque
888 3808 957 3866 parte
976 3803 1087 3863 unitum3
1113 3799 1174 3850 hinc
1199 3819 1258 3852 cuni

184 3904 241 3954 pars
260 3885 368 3936 infidelis
387 3901 437 3934 uon
457 3887 535 3951 possit
553 3885 585 3935 ob
598 3886 725 3937 delectum
744 3885 861 3953 baptismi
880 3901 927 3935 uec
943 3884 985 3948 jus
999 3884 1105 3948 tradere7
1124 3903 1172 3937 nec
1192 3903 1258 3937 con-

107 3965 115 3971 ”
184 3987 286 4021 sonsum
312 3971 371 4021 dare
395 3971 426 4021 ad
451 3971 636 4021 conficiendum
661 3973 844 4026 matrimonium
869 3978 970 4043 aptum,
996 3973 1100 4030 ruateria
1125 3979 1150 4031 et
1175 3971 1258 4034 forma

185 4059 340 4112 Sacranienti
359 4057 503 4120 sufficiens,
523 4073 573 4107 uon
592 4056 670 4111 adest.
1050 4075 1051 4080 ¹
1144 4064 1146 4066 ’
