2742 4660
182 253 223 319 32
349 239 353 252 ι
465 272 502 324 lle
519 269 705 340 impedimentis
722 277 876 326 matrimonii
893 275 919 326 in
936 289 1039 343 genere.

181 447 358 509 quacunque
376 429 444 510 lege
466 430 545 490 civili
567 449 601 490 ac
621 431 849 510 consuetudine,
873 437 942 512 quia
962 432 1040 494 nulla
1061 433 1108 494 lcu
1122 431 1247 494 humana
1264 439 1310 492 aut

181 532 366 592 consuetudo
383 533 557 610 praevalere
574 539 672 612 potest
693 542 796 597 contra
820 535 918 618 legem
936 535 1098 597 naturalem
1121 541 1151 596 et
1173 533 1308 598 divinam.

267 635 301 696 ll.
327 633 411 705 Quod
434 641 532 700 autern
556 637 605 697 llls
627 637 855 716 impedimenta,
886 657 963 719 quae
985 641 1166 717 proueniunt
1190 657 1228 698 ex
1250 637 1310 698 solo

176 737 245 816 jure
268 737 481 813 ecclesiastico,
506 741 620 815 attinet,
644 746 757 800 certum
781 745 837 818 est,
866 740 1003 802 lnhdelcs
1026 739 1075 800 rel
1096 758 1157 802 non
1180 739 1310 818 baptiza-

183 847 228 901 tcs
259 839 318 901 illis
342 857 401 902 ncn
430 856 498 901 esse
526 840 691 919 subjectos,
723 847 792 922 quia
823 861 889 904 curn
913 841 1077 904 Ecclesiam
1106 861 1159 922 per
1181 843 1311 922 baptismi

176 943 297 1023 januam
328 942 456 1004 nondurn
486 947 545 1004 sint
565 947 709 1024 ingressi,
740 945 857 1026 legibus
885 944 1038 1016 Ecclesiae
1067 964 1126 1008 non
1154 950 1310 1006 arctanlur.

84 1054 86 1059 '
147 1070 149 1073 ¹
180 1046 255 1106 llino
278 1046 315 1106 dc
338 1046 397 1108 illis
420 1045 596 1124 Apostolus:
621 1045 721 1122 „Ouid
746 1046 814 1107 mihi
839 1047 876 1106 de
900 1051 945 1123 iis,
971 1051 1020 1127 qui
1046 1046 1118 1108 loris
1141 1052 1210 1108 sunt
1228 1045 1313 1126 judi-

180 1151 270 1209 carc“
298 1147 324 1208 1.
348 1148 415 1210 Cor.
439 1147 475 1221 b,
510 1145 557 1208 12.
605 1147 741 1212 lnhdcles
773 1154 887 1226 mitten,
922 1156 1064 1228 utsupra
1096 1153 1311 1225 amaluvinus,

182 1257 301 1330 praeter
324 1251 534 1331 impedimenta
557 1255 587 1310 in
610 1252 680 1331 jure
702 1253 827 1313 naturali
851 1256 881 1312 el
903 1251 1004 1316 divino
1028 1251 1147 1316 lundata
1173 1252 1314 1332 probabi-

179 1355 236 1416 lius
259 1358 347 1414 etiam
372 1354 502 1436 ligantur
524 1373 540 1414 a
565 1353 681 1435 legibus
697 1355 839 1416 ciuilibus
857 1359 1078 1416 rnalrirncnium
1096 1354 1312 1432 dirimentibus,

179 1461 248 1537 quia
262 1459 395 1537 ipsorum
411 1459 643 1533 mairinrcnium,
663 1461 695 1517 ut
710 1457 785 1518 alins
800 1463 969 1520 contraclus
985 1460 1091 1536 civilis,
1112 1457 1311 1536 J'urisdiclioni

179 1559 259 1620 civili
283 1560 448 1639 subjectum
472 1565 527 1619 est,

265 1662 312 1726 lll.
343 1662 484 1724 Similiter
506 1667 636 1738 conslal,
667 1679 773 1723 omnes
803 1662 980 1726 Calhclicoru
1011 1663 1099 1726 iidem
1129 1663 1311 1743 prolitentes,

179 1765 349 1846 ubicunque
380 1771 524 1824 terrarum
553 1763 683 1846 degunt,
721 1783 778 1826 non
807 1766 902 1826 solum
933 1765 1151 1845 impedimentis
1181 1785 1221 1826 cn
1246 1765 1314 1844 jure

179 1866 305 1929 naturali
330 1887 364 1927 ao
387 1865 506 1939 divino,
530 1867 582 1928 sed
606 1885 701 1946 aeque
725 1885 762 1927 ex
787 1867 856 1948 jure
879 1868 1083 1930 ecclesiastico
1108 1871 1314 1947 provenienti-

177 1969 233 2031 bus
256 1973 378 2032 0mnino
401 1969 477 2029 ahiel
493 1959 535 2030 'ac
560 1969 698 2052 ligari;¹)
724 1989 811 2032 ncurc
834 1951 913 2029 enirn
936 1970 1060 2045 dubilat,
1083 1975 1154 2050 quin
1172 1969 1314 2031 Catholici

178 2089 232 2152 per
253 2076 425 2133 universum
449 2072 551 2132 cubem
576 2079 721 2135 terrarum
751 2073 877 2152 subjecti
901 2079 971 2134 sunt
995 2073 1196 2152 jurisdictioni
1221 2076 1315 2152 spiri-

178 2175 248 2236 luull
270 2174 423 2235 Ecclesiae
446 2179 476 2233 el
499 2180 605 2235 summi
624 2175 784 2249 Pontilicis,
807 2178 884 2236 sicut
907 2179 936 2235 in
961 2181 1080 2258 celcris
1103 2180 1147 2238 sic
1169 2179 1260 2236 etiarn
1284 2179 1314 2234 in

177 2277 245 2352 illis,
269 2293 345 2356 quae
368 2279 469 2338 statuit
491 2279 568 2338 circa
595 2275 858 2346 rnatrimcnium.²)

106 2366 108 2369 ⁵
262 2377 310 2439 iv.
335 2379 545 2441 Controversia
569 2385 667 2440 autern
685 2385 794 2463 agitata
818 2385 864 2441 cst
880 2379 950 2441 clirn
974 2384 1053 2441 inter
1070 2386 1219 2453 auctores,
1245 2397 1316 2440 num

176 2481 340 2545 Acalhclici
362 2481 500 2560 baptizali
525 2485 692 2561 pariterue
715 2481 856 2544 Catholici
881 2483 1004 2564 subjecti
1028 2485 1088 2544 sint
1109 2482 1318 2562 impedimen-

109 2649 111 2654 ,
176 2589 213 2647 tls
237 2587 415 2649 matrimonii
438 2584 664 2658 ecclesiasticis,
694 2589 749 2661 ila,
783 2589 815 2644 ul
836 2583 954 2646 illorum
984 2586 1139 2666 conjugia,
1169 2603 1239 2645 curn
1266 2584 1316 2645 tali

175 2689 386 2769 impedimento
410 2687 560 2747 dirimenti
583 2689 666 2761 inita,
689 2687 816 2748 invalida
840 2689 917 2760 sint;
940 2693 1029 2767 atque
1054 2683 1153 2766 plures
1171 2693 1314 2748 auctores

176 2792 288 2871 probati
321 2792 461 2868 aepactae
493 2789 718 2866 responderunt.
771 2789 828 2850 Sed
861 2788 949 2851 hodic
982 2805 1032 2848 res
1065 2788 1221 2867 explorala
1256 2795 1315 2861 est.

174 2892 364 2954 Acalhcliccs
386 2891 549 2971 baptizatos
576 2911 592 2953 a
617 2895 732 2953 cunctis
760 2891 980 2971 impcdlnrcnlis
1003 2890 1216 2952 ecclesiasticis
1246 2909 1318 2951 orn-

175 2998 246 3056 niuo
269 2994 373 3076 ligari,
403 2981 530 3073 excepto
554 3001 651 3056 tarrren
675 3015 691 3056 a
715 2994 847 3074 pluribus
877 2993 1090 3074 irnpcdhnenlc
1113 2991 1319 3056 clandestini-

175 3101 253 3158 tatis.
297 3096 453 3158 Rationem
477 3096 563 3178 hujus
586 3101 754 3160 sententiac
767 3096 947 3159 Benedictus
960 3093 1038 3158 XlV.
1062 3098 1092 3156 in
1115 3093 1195 3156 bulla
1219 3095 1319 3168 „Sin-

175 3199 271 3280 gulari
300 3199 407 3260 ncbis“
438 3206 464 3272 §-
492 3198 527 3261 ll
561 3205 591 3260 et
621 3217 683 3280 seq.
712 3198 744 3262 9.
769 3199 853 3260 Febr.
880 3195 961 3261 1119
991 3197 1071 3258 clarc
1101 3201 1245 3276 exposuit
1273 3197 1320 3257 his

174 3299 289 3362 uerbis:
314 3299 462 3379 „Deinde
486 3307 592 3384 inquit,
615 3303 751 3384 idetianr
771 3305 954 3380 compertum
979 3305 1034 3376 cst,
1060 3316 1139 3377 curru,
1165 3297 1320 3380 qui-hap-

175 3409 260 3466 tisma
290 3405 326 3468 ab
356 3401 507 3468 haeretico
536 3411 593 3468 rite
621 3409 769 3485 suscepit,
797 3403 876 3466 illius
904 3407 933 3464 vi
963 3401 1118 3465 Ecclesiae
1147 3399 1320 3462 catholicae

176 3506 340 3568 membrum
363 3506 442 3570 ellici
469 3544 505 3554 -·
530 3515 560 3572 el
583 3516 610 3582 §-
637 3503 685 3572 14.
717 3512 868 3586 postremo
891 3506 1078 3586 exploratum
1109 3501 1258 3566 habemus
1283 3501 1321 3563 ab

177 3606 334 3671 haereticis
357 3609 531 3689 baptizatos,
555 3615 579 3673 si
603 3611 638 3674 ad
663 3629 728 3672 carn
752 3615 878 3670 aetatem
900 3611 1036 3670 venerint
1059 3609 1090 3668 in
1113 3624 1172 3686 qua
1195 3606 1280 3668 bona
1304 3623 1321 3664 a

176 3785 276 3792 --·-·-—-
288 3785 380 3794 ...ἡ-ι

205 3866 227 3932 ¹)
243 3867 337 3933 Excipe
360 3863 568 3932 impedimentum
586 3864 791 3916 clandestinitntis
814 3862 932 3916 dirimens
957 3859 989 3912 ch
1007 3858 1149 3912 clausulam
1176 3859 1320 3928 specialem

244 3954 269 4002 in
287 3951 396 4004 Decreto
414 3949 531 4002 additum.
791 3997 794 4002 ,
863 3976 865 3980 .

205 4038 227 4104 ²)
246 4036 302 4088 Pius
321 4037 361 4089 Vl.
380 4038 406 4087 in
424 4034 493 4088 bulla
512 4033 664 4100 „Auctorem
682 4033 761 4088 fidei‘
781 4049 852 4100 prop.
871 4034 912 4086 51.
