2758 4664
304 239 545 310 tinimedneutu
563 247 748 298 matrimonium
766 246 948 322 dinnondltna·
1134 229 1193 298 ¹⁶9

85 396 122 469 2)
145 395 383 472 Matrimonium,
422 397 484 462 buc¹
510 401 722 480 impedimento
755 403 910 482 laborans,
944 421 983 466 nc
1010 405 1193 484 sponsalium

145 499 267 578 quidem
290 505 348 561 vim
371 500 476 583 babet,
504 507 621 584 etipsa
644 505 811 584 sponsalia,
841 512 922 586 prius
944 511 1023 568 inter
1045 513 1193 586 raptorem

147 608 176 664 ct
199 609 311 683 raptam
335 607 406 666 inita
428 604 542 668 tamdiu
564 610 648 670 irrita
671 607 878 687 declarantur,
902 609 999 672 donec
1021 615 1103 689 rapta
1127 609 1194 672 loco

146 711 210 769 tutu
233 706 348 768 reddita
368 707 462 771 tuerit
484 714 515 769 et
537 707 575 770 de
596 727 676 774 novo
698 716 901 788 consenserit,
930 731 997 774 curn
1016 713 1078 792 jam
1102 713 1194 776 tolla·-

147 818 195 872 tur
217 809 338 872 libertas
359 827 535 874 censensus.

86 912 122 988 4)
147 911 272 985 Quando
301 920 401 993 raptor
431 914 469 976 cb
498 913 577 976 aliud
606 913 703 976 adbuc
729 915 972 995 impedimentum
1002 915 1195 996 Apostolicae

145 1016 231 1080 Sedis
253 1016 506 1096 dispensationem
535 1019 695 1098 implorare
718 1017 824 1095 debet,
855 1022 887 1078 in
910 1018 1017 1082 litteris
1048 1021 1113 1100 ejus
1136 1037 1195 1082 ex-

147 1137 247 1199 prcssa
272 1125 374 1198 raptus
398 1123 507 1198 peracti
532 1126 643 1184 mentio
667 1126 713 1183 est
736 1119 872 1184 facienda
899 1121 956 1184 sub
977 1139 1073 1202 poena
1101 1121 1196 1184 nulli-

97 1283 100 1288 ,
147 1225 215 1282 tatis
244 1226 420 1299 impetratae
449 1221 697 1300 dispensationis,
731 1241 798 1286 cum
822 1228 853 1284 in
877 1225 1016 1288 omuibus
1048 1223 1196 1288 mandatis

144 1322 401 1403 dispensationum
419 1326 692 1402 matrimonialium,
713 1343 787 1406 quas
807 1344 832 1388 s.
848 1325 941 1389 Sedes
958 1331 1117 1390 committit
1136 1345 1196 1388 cx-

144 1426 308 1506 equcndas,
325 1428 457 1490 clausula
468 1437 645 1507 apponatur:
670 1428 722 1506 „Si
740 1429 941 1510 mulierrapta
957 1449 1015 1494 unu
1032 1431 1155 1494 luerit.“
1171 1431 1195 1504 ¹)

579 1630 606 1696 s.
623 1620 675 1686 44.

279 1777 282 1782 ·
337 1747 388 1812 it.
415 1747 453 1812 lic
476 1747 659 1833 iupedimenta
681 1747 915 1817 dludctiinitniit.

369 1889 396 1959 l)
415 1891 467 1950 De
484 1891 520 1950 vl
531 1891 670 1950 Decreti
682 1891 885 1952 Tridentini.

145 2011 166 2072 l.
186 2011 252 2074 Jatn
276 2013 461 2074 ostendimus
475 2031 562 2092 supra
588 2019 631 2088 (ἕ.
645 2013 713 2089 32),
736 2019 923 2076 matrimonia
948 2015 1022 2076 clam
1043 2019 1195 2077 contracta

54 2134 179 2195 semper
202 2114 296 2176 fuisse
319 2112 476 2194 prohibita,
501 2115 604 2176 sallem
624 2135 662 2176 cx
685 2117 754 2200 lege
778 2117 991 2188 ecclesiastica,
1014 2136 1047 2178 ac
1070 2099 1197 2198 proinde

54 2218 326 2281 claudestiniiatem
352 2234 389 2280 ex
407 2219 477 2298 Jure
501 2223 622 2297 antiquo
647 2225 838 2282 constituisse
866 2219 1112 2300 impedimentum
1134 2223 1197 2281 iur-

55 2323 193 2401 pedieus.
228 2321 337 2382 Verum
361 2340 428 2382 curu
452 2341 475 2385 s.
495 2321 632 2401 Syncdus
650 2321 822 2383 Tridentina
846 2322 1099 2400 animadverterit,
1124 2331 1205 2402 pr0·'

54 2424 220 2488 bibitiones
236 2425 303 2486 illas
319 2433 440 2506 propter
454 2425 605 2486 bominum
624 2423 857 2486 inobedientiam
877 2425 939 2505 jam
961 2442 1021 2486 uon
1040 2424 1194 2506 prodesse,

56 2535 88 2588 ct
112 2531 218 2612 gravia
242 2535 361 2608 peccata
385 2529 587 2610 perpenderit,
613 2546 690 2609 quae
713 2547 752 2588 ex
774 2527 886 2588 eisdem
910 2527 1102 2589 clandestinis
1119 2545 1196 2588 cun-

54 2632 153 2715 jugiis
176 2637 274 2693 ortum
297 2631 417 2707 babent,
440 2637 614 2712 praesertim
639 2648 713 2692 vero
736 2648 856 2708 eorum,
880 2634 930 2711 qui
954 2635 985 2692 iu
1008 2637 1084 2692 statu
1107 2629 1195 2691 dam-

55 2738 189 2798 nationis
213 2739 399 2813 permanent,
422 2735 502 2815 drrm,
528 2740 626 2815 priore
645 2751 750 2812 uxore,
775 2753 842 2796 cum
860 2752 916 2814 qua
941 2735 1016 2796 clam
1033 2739 1191 2794 contraxe-

54 2841 138 2915 runt,
162 2836 277 2914 relicta,
302 2855 368 2898 cum
392 2837 448 2898 alin
473 2837 567 2917 palam
587 2837 775 2911 contrahunt,
799 2845 828 2898 et
852 2853 918 2898 cum
942 2855 977 2899 ea
1001 2841 1196 2917 inperpetuo

54 2940 206 3002 adulterio
230 2943 349 3016 vivunt,
377 2945 424 3002 cui
455 2941 532 3003 malo
561 2959 628 3002 cum
659 2941 695 3004 ab
717 2939 868 3014 Ecclesia,
900 2958 977 3021 quac
1005 2939 1043 3001 de
1072 2939 1197 3001 occultis

22 3083 25 3092 ·
56 3064 119 3108 non
138 3044 272 3126 judicat,
302 3048 436 3105 succurri
461 3062 522 3106 non
545 3049 655 3124 possit,
689 3047 746 3105 uisi
770 3041 922 3105 ellicacius
951 3041 1116 3106 remedium
1140 3041 1198 3104 ad-

55 3151 214 3222 hibeatur;
236 3146 349 3208 idcirco
370 3151 447 3209 sacri
464 3145 674 3208 Lateranensis
690 3145 826 3225 Consilii,
849 3147 905 3208 sub
922 3145 1097 3208 Innocentio
1112 3145 1197 3206 cele-

56 3254 146 3328 brati,
173 3253 311 3332 vestigiis
334 3249 528 3325 inhaerendo,
552 3253 711 3328 praecipit,
736 3254 769 3310 ut
790 3253 821 3309 in
845 3255 1014 3328 posterum,
1038 3255 1196 3328 antequam

58 3356 280 3417 matrimonium
304 3351 511 3428 contrabatur,
547 3358 591 3412 ter
614 3369 630 3412 a
654 3355 774 3431 proprio
804 3350 1043 3414 contrabentium
1067 3349 1196 3430 parocho
1273 3435 1278 3440 .

57 3459 154 3520 tribus
169 3459 322 3518 continuis
340 3455 445 3517 diebus
461 3454 578 3519 institis
593 3460 623 3516 iu
637 3451 772 3516 Ecclesia
790 3458 869 3516 inter
879 3453 1035 3516 Missurum
1054 3453 1197 3514 solemnia

59 3562 179 3642 publice
203 3559 411 3635 denuntietur,
441 3562 520 3620 inter
543 3576 619 3638 quus
643 3559 864 3620 matrimonium
887 3561 926 3618 sit
948 3553 1197 3629 contrabendum;

62 3699 270 3709 Μ..-

87 3767 108 3830 ¹)
127 3763 232 3816 Corrad.
250 3763 293 3814 llb.
313 3761 364 3814 vtt.
388 3779 410 3812 c.
429 3764 454 3814 6.
472 3779 497 3814 u.
516 3762 558 3812 51.
578 3761 648 3812 Viuo.
670 3760 702 3811 da
719 3760 811 3812 Justis:
845 3759 909 3810 Esse
933 3757 1076 3822 hujusmodi
1100 3759 1194 3810 cnrneu

128 3857 216 3918 raptus
234 3849 297 3900 adeo
315 3847 471 3908 detestabile,
491 3857 520 3900 ut
536 3848 568 3902 ab
586 3847 628 3898 illo
647 3850 754 3898 maxima
773 3846 907 3912 plurimum
923 3844 990 3911 Papa
1008 3843 1153 3905 abhorreat,
1172 3854 1195 3894 et

128 3944 263 4004 propterea
290 3939 316 3986 in
339 3935 454 3986 omnibus
480 3933 604 3986 mandatis
631 3933 846 4000 dispensationum
870 3928 1104 3990 matrimonialium,
1133 3945 1196 3997 quaa

128 4023 259 4074 committit
277 4020 455 4091 exequendas,
473 4023 577 4088 opponit
594 4019 742 4074 stammam.
761 4055 768 4070 .
786 4053 793 4070 .
812 4053 818 4068 .
837 4017 880 4070 lib.
900 4020 925 4070 2.
942 4033 964 4070 c.
985 4016 1024 4068 l8.
1042 4029 1072 4069 u,
1085 4015 1127 4070 iti.
