2746 4646
154 193 196 258 72
417 201 456 256 oe
471 201 655 270 inpedimentis
673 195 868 266 impedientibus
885 197 911 250 in
929 200 1021 268 specie

155 383 222 428 ann.
247 359 309 426 365
332 360 469 424 similiter
491 363 631 422 statutum
654 362 701 420 cst
721 360 753 418 in
775 373 840 436 cap.
867 351 920 418 10:
949 353 1032 435 „Eos
1055 360 1106 438 qui
1128 355 1165 420 ad
1188 357 1318 458 ‹rocle—v
1367 377 1368 382 ¹

154 471 230 532 siam
252 469 414 546 pertinent,
441 460 648 526 indifferenter
670 459 747 523 lilios
770 463 906 539 proprios
934 459 1155 522 baereticorum
1179 463 1294 540 nuptiis

154 573 276 632 minime
298 572 412 632 sociare
434 565 569 628 debers‘
583 561 609 639 ¹)
636 569 667 624 ct
689 563 801 626 Concil.
825 561 962 625 Chalced.
992 581 1017 625 a.
1041 559 1114 626 151.
1146 581 1212 624 can.
1243 561 1290 626 13.

93 659 94 662 “
152 671 319 749 interdicit,
349 669 500 732 haeretico
522 684 555 728 sc
576 667 780 749 conjungere,
810 667 867 727 nisi
896 664 973 726 iorte
995 669 1162 745 promittat,
1194 681 1228 727 se
1255 665 1293 726 ad

154 773 346 837 orthodoxam
369 771 458 834 fidem
482 785 628 850 personae
651 766 834 830 orthodoxae
865 769 1051 848 copulandae
1074 769 1246 834 transferre.
1261 767 1293 844 ²)

152 875 267 938 Eodem
290 874 379 938 modo
402 871 570 955 hujusmodi
593 874 713 951 nuptiae
730 887 908 952 quacunque
925 871 992 934 dala
1016 876 1175 934 occasione
1198 878 1292 935 etiam

152 985 242 1060 atqrm
272 981 361 1040 etiam
392 975 567 1056 reprobatae
599 977 668 1036 sunl
696 991 713 1034 a
744 977 868 1036 summis
899 973 1090 1038 Pontificibus
1119 979 1151 1038 in
1180 977 1291 1038 litteris

152 1073 324 1161 apostolicis
345 1098 362 1142 a
385 1077 534 1157 Stephano
556 1074 606 1137 lV.
629 1093 646 1137 a
669 1073 740 1148 770,
764 1074 918 1138 Bonifacio
934 1075 1008 1142 Vlll.
1033 1096 1110 1142 saec.
1139 1078 1188 1158 13,
1213 1079 1290 1142 Cle-

153 1187 254 1244 mente
276 1180 325 1245 Vl.
349 1199 375 1245 a.
402 1176 494 1258 1316,
518 1179 674 1240 Clemente
690 1174 767 1240 vili.
792 1195 818 1238 a.
842 1177 934 1256 1599,
957 1179 1076 1243 Urbano
1092 1181 1168 1242 Vlll.
1199 1179 1292 1261 ¹624,

152 1284 305 1346 Clemente
326 1283 375 1358 Χ,
397 1283 573 1344 innocentio
595 1280 643 1360 X,
667 1280 840 1344 Innocentio
857 1281 908 1360 Xl,
933 1282 1085 1346 Clemente
1101 1283 1165 1360 Xl,
1186 1284 1292 1347 liene-

139 1387 224 1450 ·dlcli
245 1385 374 1464 xlv.,³)
397 1383 551 1448 Clemente
572 1383 663 1462 xiii,
686 1383 737 1444 Plu
760 1383 820 1460 111,
845 1384 896 1446 Pio
922 1385 999 1464 Vll,
1023 1385 1074 1448 Pio
1097 1387 1184 1466 viii,
1209 1387 1293 1450 Gre-

151 1494 237 1574 gorio
253 1489 330 1552 xvi.
350 1523 394 1536 --
409 1487 522 1560 Quibus
545 1490 695 1550 universis
717 1486 794 1550 bene
816 1487 1012 1552 consideratis
1034 1507 1093 1554 non
1116 1491 1286 1552 mirandum

152 1599 207 1671 est,
231 1592 311 1673 quod
334 1589 468 1653 nonnulli
484 1593 603 1650 veteres
626 1594 764 1651 auctores
772 1585 801 1664 ⁴)
824 1587 900 1652 haec
922 1592 1070 1654 connubia
1088 1612 1156 1654 cnm
1172 1592 1288 1656 baere-

152 1697 220 1756 tiois
244 1697 341 1778 magis
363 1694 529 1774 periculosa
551 1691 713 1769 habebant,
738 1709 826 1772 quam
850 1693 989 1776 conjugia
1013 1713 1080 1756 cum
1103 1695 1286 1774 infidelibus,

151 1795 287 1876 adeoque
310 1795 519 1875 dubitaverint,
545 1813 616 1858 num
643 1793 811 1876 hujusmodi
831 1800 955 1876 nuptiae
978 1795 1209 1880 quibuscunque
1232 1798 1293 1860 ad-

149 1897 250 1960 hibitis
277 1897 401 1961 cautelis
428 1903 469 1960 ita
498 1897 687 1960 cohonestari
716 1895 851 1971 valeant,
882 1903 915 1959 ut
942 1897 1023 1959 licite
1053 1917 1185 1980 unquam
1217 1905 1288 1962 iniri

151 2003 274 2080 possint.
288 1997 316 2075 ⁵)

186 2239 207 2305 ¹)
228 2237 354 2292 Canauna
372 2256 397 2306 p.
418 2240 474 2290 139.

184 2324 206 2390 ²)
225 2321 350 2376 Garranza
370 2341 392 2389 p.
412 2325 471 2376 265.

179 2409 202 2475 ³)
220 2408 249 2459 ln
273 2411 448 2462 constitutione
471 2409 594 2478 „Magnae
613 2407 702 2459 uobls“
726 2409 767 2460 29.
786 2406 853 2460 lunii
878 2409 945 2460 1718
968 2409 1000 2460 ad
1019 2409 1166 2474 Primatem,
1192 2415 1287 2467 Archi-

217 2496 350 2561 episcopos
374 2503 399 2546 et
415 2495 554 2562 Episcopus
573 2493 692 2544 Poloniae
709 2492 840 2545 Benedict.
858 2492 922 2545 xii.
946 2493 1011 2546 baec
1034 2501 1186 2566 gravissima
1209 2501 1287 2552 habet

215 2579 305 2632 verba:
333 2579 438 2649 „Neque
456 2596 517 2630 vero
542 2595 646 2630 necesse
670 2577 807 2642 babemus,
834 2595 862 2630 ea
881 2581 965 2631 omnia
983 2582 1008 2632 in
1028 2582 1138 2636 medium
1163 2587 1288 2652 prolerre,

216 2663 306 2734 quibus
331 2665 471 2716 luculenter
497 2665 663 2716 demonstrari
692 2672 778 2730 posset
804 2667 938 2733 antiquitas
964 2666 1018 2732 ejus
1044 2669 1207 2736 disciplinae,
1236 2690 1289 2742 qua

215 2764 316 2816 semper
333 2749 478 2817 Apostolica
496 2749 573 2800 Sedes
592 2749 771 2802 catholicorum
790 2765 847 2800 cum
865 2749 996 2804 haereticis
1021 2754 1141 2823 conjugia
1159 2757 1285 2826 reproba·

215 2837 264 2898 vit3
288 2833 333 2884 sed
357 2835 441 2902 aliqua
466 2833 594 2884 dumtaxat
615 2835 704 2886 afferre
729 2843 767 2885 sat
790 2836 850 2897 er'lt,
875 2837 967 2904 quibus
986 2841 1148 2894 ostendamus
1172 2845 1281 2897 eandem

216 2917 372 2985 disciplinam
390 2934 420 2970 ac
437 2919 549 2988 regulam
568 2919 600 2970 ed
624 2929 709 2972 nostra
735 2935 814 2989 usquo
837 2927 950 2989 tempora
974 2935 1119 2980 constanter
1141 2940 1280 2992 servatam,

178 3040 179 3044 ,
216 3003 284 3071 apud
302 3003 352 3054 llos
370 3013 396 3056 et
408 3004 575 3072 Apostolicam
586 3005 683 3057 ¹*Sedem
703 3021 754 3056 uun
772 3008 854 3058 nilum
872 3009 996 3077 integram
1017 3015 1105 3081 vigere
1124 3022 1149 3064 at
1166 3015 1285 3086 religiose

216 3089 342 3140 coaudiri.
360 3127 368 3142 .
386 3127 393 3140 .
411 3127 418 3141 .
437 3089 550 3158 Denique
574 3106 605 3140 ex
628 3089 749 3142 bactenus
770 3091 844 3144 dietis
868 3102 954 3161 aperta
977 3105 1093 3162 constat,
1115 3101 1141 3150 in
1166 3101 1285 3154 omnibus

219 3172 332 3238 casibus,
356 3174 447 3243 quibus
464 3176 596 3229 facultates
614 3185 658 3228 aut
676 3175 874 3243 dispensationes
894 3179 926 3232 ab
944 3182 1090 3249 Apostolica
1107 3183 1172 3236 Sede
1190 3194 1284 3253 petan-

215 3266 255 3309 tur
273 3273 318 3326 pro
337 3261 501 3312 matrimoniis
520 3278 535 3313 a
553 3261 676 3314 catholico
692 3265 747 3314 viro
766 3271 809 3314 aut
826 3265 932 3316 muliere
956 3283 1012 3320 cum
1036 3269 1164 3321 haeretica
1188 3271 1284 3324 femina

215 3351 258 3394 aut
275 3347 331 3396 viro
349 3343 541 3410 contrahendis,
564 3347 670 3400 eandem
688 3347 857 3414 Apostolicam
877 3346 984 3414 Sedem,
1009 3361 1036 3404 ut
1060 3371 1137 3422 snpra
1161 3355 1282 3421 diximus,

216 3427 361 3491 hujusmodi
378 3433 547 3495 matrimonia,
571 3435 620 3484 nisi
638 3433 748 3486 haeresis
767 3432 892 3498 abjuratio
911 3438 1054 3503 praecedat,
1073 3436 1098 3492 et
1115 3459 1214 3510 semper
1231 3445 1282 3494 im-

212 3511 347 3582 probasse,
371 3533 402 3568 ac
420 3517 568 3582 damnasse,
592 3527 617 3572 et
638 3535 706 3570 nunc
723 3534 819 3588 quoquc
838 3519 976 3576 abominari
994 3542 1024 3578 ac
1046 3525 1171 3580 detestari.
1192 3565 1199 3580 .
1217 3567 1223 3579 .
1243 3531 1283 3595 (st

213 3599 245 3650 ad
262 3601 350 3668 finem)
363 3602 541 3665 „detestabiles
554 3619 611 3655 cum
625 3602 753 3654 haeretico
771 3607 890 3674 nuptias“
907 3618 1029 3661 vocab-
1045 3611 1173 3666 Euchirid.
1186 3633 1210 3684 p.
1221 3615 1280 3668 371.

212 3692 237 3736 ei
254 3686 311 3738 373.
331 3695 383 3738 not.
404 3688 426 3740 1.
445 3690 470 3740 2.
488 3689 512 3740 3.

168 3767 192 3835 ⁴)
210 3767 251 3821 Fr.
269 3771 467 3840 Depereldotpa‘i
481 3771 653 3840 Lupianemis
670 3781 742 3826 tract.
762 3773 918 3834 demetrian.
942 3797 993 3834 non
1016 3783 1127 3836 ineundo
1151 3801 1208 3838 cum
1231 3787 1280 3852 his,

210 3857 253 3923 qui
271 3865 340 3910 extra
358 3857 490 3909 ecclesiam
508 3867 575 3910 sunt.
606 3854 772 3927 Antwerpc'ae
792 3859 866 3918 1636.

167 3937 192 4006 ⁵)
210 3937 241 3992 11.
258 3937 280 3993 J.
298 3940 367 4008 Feye
385 3943 509 3998 dissertat.
527 3944 559 3996 ds
576 3953 649 3997 malr.
667 3947 736 3998 mixi.
755 3941 816 4014 Gap.
834 3944 854 4000 1.
