2764 4664
488 136 568 190 Casus
586 137 789 192 matrimoniales.
1156 120 1219 224 323

72 299 245 377 poenitere,
271 301 301 358 et
324 301 385 358 tum
407 299 614 358 immemorem
634 295 739 358 salutis
763 311 931 373 successe,
957 299 989 357 ut
1006 294 1080 358 alias
1099 299 1217 378 nuptias

75 399 257 462 contrahere
271 398 403 460 auderet.
429 398 521 460 immo
544 402 611 478 post
627 398 701 460 alios
717 396 887 482 Theologos
902 395 1057 484 subjungit
1071 396 1218 479 Sanchez,

68 502 239 583 jamdicta
272 501 451 582 procedere,
481 505 598 564 etiamsi
621 506 688 582 post
714 499 834 580 aliquod
865 503 1004 581 temporis
1031 497 1220 564 intervallum

75 605 128 666 iric
154 606 242 668 licius
268 589 437 668 cousensus
466 605 659 688 detegeretur
685 624 702 666 a
724 607 808 682 ¹viro,
839 607 958 685 quoties
987 601 1017 664 id
1046 599 1220 686 juramento

75 708 228 788 firmaret,
262 715 293 770 et
315 727 353 769 en
376 713 455 770 vitae
484 709 550 790 ejus
580 706 721 788 qualitate
744 705 897 788 probabile
928 705 1031 784 lieret,
1065 725 1133 769 eum
1158 727 1219 770 non

76 813 245 892 perjurare,
269 816 337 890 quia
360 828 466 892 nempe
489 810 595 874 solitus
617 816 698 872 esset
714 807 904 872 Sacramenta
927 813 1073 890 recipere,
1099 815 1128 871 et
1152 809 1218 873 lrc-

75 921 236 994 quentare,
259 915 466 994 bellorumque
489 914 688 976 familiaritate
711 917 763 988 uti,
787 918 817 974 et
839 912 960 975 insimul
983 911 1071 974 aliam
1094 931 1220 976 uxorem
1258 939 1261 944 ·

74 1015 218 1092 duceret;
247 1021 315 1098 quia
343 1020 373 1078 in
404 1016 450 1079 his
478 1019 711 1080 circumstantiis
738 1015 902 1078 verisimile
931 1031 992 1076 non
1021 1021 1118 1092 esset,
1152 1035 1220 1080 eum

75 1120 160 1180 velle
182 1123 213 1180 in
236 1139 269 1182 re
295 1127 351 1182 tam
375 1124 477 1204 gravi,
501 1120 556 1182 sibi
581 1125 612 1180 et
635 1121 721 1180 uxori
744 1117 820 1180 adeo
842 1120 1023 1198 perniciosa,
1047 1123 1175 1183 mentiri.

167 1221 201 1284 ln
220 1242 294 1302 casu
316 1227 415 1286 autem
438 1226 604 1302 praesenti,
636 1221 707 1282 licet
729 1225 893 1298 asseratur,
923 1223 1021 1284 virum
1045 1231 1112 1304 post
1141 1243 1221 1289 con-

78 1331 208 1388 tractum
233 1330 452 1388 matrimonium
482 1343 541 1388 raon
564 1322 750 1388 cohabitasse
778 1341 845 1386 cum
871 1340 981 1398 uxore,
1012 1319 1048 1386 ac
1069 1332 1137 1406 post
1159 1329 1217 1390 ali*-

74 1447 155 1510 quos
179 1447 297 1492 incuses
320 1429 356 1490 ad
379 1428 527 1492 secundas
551 1426 668 1508 nuptias
685 1429 841 1509 migrasse,
866 1430 1023 1510 ignoratur
1047 1434 1157 1507 tamen,
1181 1449 1219 1493 an

76 1539 148 1614 post
170 1531 280 1622 dictum
295 1535 516 1597 matrimonium
530 1530 612 1592 illico
628 1528 846 1604 reclamaverit,
869 1547 907 1591 an
922 1533 1032 1609 statim,
1050 1531 1098 1592 vel
1109 1534 1220 1613 quanto

75 1641 215 1716 tempore
238 1641 364 1716 enpust
387 1655 404 1697 e
428 1638 548 1697 civitate
577 1632 769 1710 discesserit,
798 1633 884 1714 eujus
907 1635 1004 1713 vitae,
1025 1631 1065 1694 'et
1087 1635 1220 1715 qualita-

75 1746 143 1802 tum
167 1743 224 1800 etc.
249 1742 306 1818 sit,
331 1737 499 1818 exquibus
522 1741 637 1798 certum
658 1733 804 1816 judicium
828 1733 978 1798 efformari
1001 1745 1112 1816 posset.

167 1841 232 1915 Quo
254 1859 327 1904 vero
350 1841 388 1902 ad
410 1839 572 1904 secundam
594 1842 824 1920 inspectionem,
848 1855 886 1900 an
908 1855 950 1915 so.
974 1838 1043 1902 data
1066 1841 1220 1906 validitate

78 1947 152 2008 dicti
167 1949 347 2008 matrimonii
370 1949 437 2024 rati,
462 1950 492 2006 et
515 1960 576 2006 non
598 1944 806 2020 consummati,
832 1939 916 2004 lucus
930 1935 1006 2006 'esse
1018 1936 1112 2024 possit
1134 1947 1220 2028 eJus-

79 2049 151 2110 dem
174 2046 411 2130 dispensationi?
434 2046 524 2109 istius
546 2044 659 2108 decisio
682 2043 832 2124 dependet
854 2062 871 2106 a
894 2044 1028 2126 pondere
1050 2064 1217 2128 causarum,

80 2168 161 2233 quae
180 2151 265 2232 juxta
289 2154 461 2230 opinionem
485 2153 616 2212 omnium
640 2147 750 2210 debent
772 2163 840 2209 esse
863 2152 1105 2230 urgentissimae.

169 2255 243 2316 Tres
266 2269 376 2315 causae
398 2253 520 2338 allegari
543 2256 667 2334 possunt
689 2255 720 2312 in
743 2254 910 2330 praesenti:
933 2250 1038 2314 Primo
1061 2258 1117 2328 est,
1140 2251 1229 2333 quod-

81 2363 129 2421 vir
145 2361 263 2435 asserit,
280 2374 313 2418 se
332 2353 425 2418 luisse
441 2356 611 2438 deceptum,
631 2373 687 2417 nec
706 2353 846 2418 habuisse
865 2357 996 2416 animum
1014 2353 1220 2433 contrahendi,

81 2466 113 2522 et
137 2477 169 2522 sc
192 2459 354 2520 ellicaciter
376 2459 539 2542 obligandi.
585 2459 668 2522 Hanc
690 2476 810 2522 causam
832 2454 966 2520 Sanchez
989 2455 1038 2520 lib.
1063 2457 1092 2522 2.
1116 2458 1142 2520 d.
1169 2455 1218 2522 16.

81 2583 111 2626 n.
138 2566 165 2626 i.
194 2563 306 2644 justam
330 2565 361 2622 et
383 2561 583 2624 subicientem
606 2565 704 2644 putat,
735 2557 854 2640 quando
877 2563 924 2620 vir
946 2558 1029 2622 nullo
1057 2562 1146 2625 modo
1167 2567 1220 2624 in-

82 2667 151 2728 duci
185 2669 279 2745 possit
309 2662 344 2724 ad
377 2664 587 2744 praestandum
616 2681 723 2726 verum
752 2675 943 2726 consensum.
989 2655 1106 2728 Altera
1131 2683 1221 2729 causa

83 2775 146 2845 est,
178 2767 257 2850 quod
281 2770 328 2828 vir
351 2767 432 2828 nullo
456 2767 545 2830 modo
568 2767 670 2829 induci
702 2769 798 2847 potuit
821 2763 858 2827 ad
881 2763 1091 2844 praestandum
1114 2751 1220 2830 rerum

83 2887 264 2934 consensum
288 2873 318 2930 et
340 2869 376 2930 ad
392 2867 621 2933 cohabitandum
635 2887 702 2931 cum
716 2873 810 2948 prima
833 2886 940 2944 uxore,
962 2871 1054 2930 immo
1077 2887 1220 2952 expresse

83 2978 267 3056 protestatus
290 2978 347 3050 est,
370 2991 403 3034 se
425 2973 505 3037 illico
529 2971 741 3034 derelicturum
765 2987 832 3034 eam
856 2971 931 3049 fore,
955 2975 980 3032 si
1003 2971 1042 3033 ad
1065 2972 1220 3037 cohabita·

85 3083 197 3142 tionem
220 3081 393 3159 cogeretum
417 3094 493 3158 quae
516 3091 605 3138 causa
628 3078 788 3158 praecipue
813 3075 838 3132 si
862 3091 930 3134 cum
953 3073 1010 3138 alia
1028 3075 1221 3155 praecedenti

83 3183 244 3243 concurrat
266 3177 519 3242 sufficientissima
538 3177 690 3260 judicatur
711 3194 765 3258 pro
788 3173 1012 3256 dispensatione
1035 3197 1052 3242 a
1074 3177 1220 3258 Sanchez,

58 3291 115 3346 ἐι
138 3283 176 3345 de
197 3281 302 3345 Justis.
345 3281 383 3342 Et
407 3285 439 3343 iu
462 3279 637 3345 fortioribus
666 3281 818 3356 terminis,
850 3277 930 3360 quod
961 3285 1080 3344 aversio
1103 3288 1133 3344 et
1156 3282 1222 3344 dis-

84 3385 187 3450 cordia
207 3385 370 3468 conjugum
393 3385 602 3467 irreparabilis,
627 3389 657 3447 et
680 3389 745 3448 sine
762 3379 906 3463 probabili
927 3399 981 3463 spe
998 3384 1222 3447 reconciliatio-

85 3495 131 3553 nis
155 3493 194 3552 sit
217 3505 306 3550 causa
328 3487 512 3551 rationabilis
528 3485 733 3568 dispensandi,
757 3485 921 3550 accedente
945 3490 1120 3566 praesertim
1143 3502 1221 3549 con-

84 3609 178 3656 sensu
201 3594 371 3671 utriusque,
403 3591 440 3653 ad
463 3590 603 3652 ellectum
626 3589 759 3654 evitandi
782 3589 894 3670 majora
917 3589 1071 3669 scandala,
1103 3589 1222 3670 aliaque

85 3695 173 3758 mala.
217 3691 293 3757 Nam
316 3699 412 3757 stante
440 3683 518 3758 dicta
540 3697 725 3768 assertione,
749 3697 780 3753 et
802 3689 978 3780 credulitate
1000 3695 1074 3768 viri,
1103 3709 1137 3756 se
1161 3707 1223 3755 non

87 3801 269 3860 remansisse
289 3795 458 3883 obligatum
481 3800 513 3858 in
535 3802 709 3875 contractu,
739 3813 795 3856 uec
818 3813 878 3858 non
902 3795 1035 3876 ejusdem
1059 3799 1223 3878 pertinacia

87 3907 118 3962 in
147 3918 209 3963 non
237 3898 415 3980 praestando
439 3917 544 3962 verum
575 3899 770 3994 consensum,
800 3897 1004 3982 periculosum
1032 3913 1222 3980 summopere

947 4000 1017 4067 21*
