2736 4660
483 245 562 304 Gasnc
580 249 784 304 matrimoniales.
1134 233 1196 306 393
1266 254 1270 264 “

62 413 146 472 tione
169 409 236 472 talis
252 413 351 472 textus
366 409 519 490 procedat,
532 409 684 494 colligitur
707 427 747 471 ex
765 413 881 474 ratione
903 409 942 472 lbi
955 409 1091 490 adducta,
1116 415 1195 493 quia,

60 517 171 593 inquit,
203 531 270 574 cum
302 513 358 574 alia
387 517 455 575 vice
484 512 633 575 benedicti
662 517 736 592 sint,
768 529 872 577 eorum
896 513 1066 576 benedictio
1095 517 1197 576 iterari

62 633 122 678 non
147 615 244 677 debet.
287 615 496 694 Quamobrem,
522 633 588 679 cum
612 616 707 678 'littus
730 621 781 679 aut
800 614 870 698 Gaja
893 634 955 680 non
978 617 1089 678 iueridt
1111 623 1197 680 antea

60 718 222 796 benedicti,
246 717 423 798 dicendum,
454 719 533 802 quod
557 737 661 784 eorum
685 719 849 783 secundum
872 723 1093 784 matrimonium
1116 719 1197 786 licite

61 826 159 903 possit
180 821 318 884 benedici
329 817 363 898 ¹).

510 1015 624 1078 Gasus
647 1014 748 1079 LVlll.

561 1159 698 1219 Votum.

150 1296 331 1360 Conectens.
375 1298 463 1362 Anno
491 1297 580 1364 1653.
625 1298 737 1364 Servus
760 1299 816 1360 Dei
845 1298 949 1362 Petrus
978 1297 1015 1360 de
1039 1298 1196 1379 Betaomn

59 1401 98 1462 de
126 1402 211 1482 eujus
240 1400 469 1466 Beatibeatiouis
504 1421 593 1474 eausa
618 1401 839 1468 intraducenda
863 1407 962 1488 agitur
990 1408 1021 1464 in
1043 1402 1071 1466 R
1096 1405 1129 1466 R.
1154 1405 1196 1483 G,

57 1508 236 1570 incivitate
260 1503 462 1583 Guatr’malae,
487 1510 668 1569 auctoritate
688 1504 908 1583 intercedente,
942 1505 1088 1586 quandam
1113 1507 1198 1570 Reli-

58 1613 176 1690 giosam
207 1606 479 1690 Congregationem
511 1611 660 1686 instituit,
695 1616 772 1689 quae
802 1607 1101 1672 Bethlehemitauun
1120 1610 1198 1676 dicta

59 1717 118 1789 est,
143 1728 197 1791 pro
221 1711 399 1776 exercendis
422 1731 494 1796 erga
516 1716 669 1793 proximos
691 1716 723 1776 in
738 1711 933 1793 hospitalibus
957 1717 1116 1794 praecipue
1139 1713 1197 1774 de-

58 1818 182 1896 gentes,
214 1812 404 1879 ferventioris
433 1813 610 1878 christianae
641 1819 772 1878 coritatis
800 1815 923 1880 actibus.
970 1815 1077 1878 Factae
1106 1821 1198 1882 etiarn

58 1918 183 1980 fuerunt
205 1916 292 1998 hujus
316 1916 567 2000 Congregatioms
590 1918 837 1996 Constitutiones,
859 1935 937 1999 quoe
959 1915 1008 1980 dia
1030 1917 1196 1984 aaronem

61 2018 143 2083 1687
168 2020 289 2084 luerunt
311 2019 491 2100 approbatae
518 2042 535 2084 a
559 2021 728 2086 Venerabili
752 2021 807 2082 Dei
832 2018 926 2084 Servo
950 2019 1126 2085 Innocentio
1146 2022 1196 2086 Xl.

56 2139 114 2202 per
136 2140 205 2184 suas
228 2123 342 2186 litteras
364 2123 552 2204 Apostolicas
574 2128 607 2186 in
630 2123 725 2186 iorma
747 2123 859 2188 Brevia.

147 2243 348 2327 Congregatio
371 2243 446 2306 haec
469 2245 640 2329 Religiosa,
665 2261 741 2324 quaa
764 2247 861 2306 tractu
885 2249 1028 2321 temporis
1051 2251 1195 2325 excrevit,

56 2352 90 2406 et
121 2346 221 2426 plures
250 2346 354 2410 dornos
383 2353 414 2408 in
451 2353 540 2410 variis
571 2345 741 2409 civitatibus
773 2349 948 2428 aequisivit,
978 2347 1070 2428 vulgo
1100 2344 1198 2412 bablta

56 2449 117 2510 fnit
145 2467 198 2529 pro
229 2467 298 2512 vera
322 2450 497 2534 Religiooe,
531 2457 561 2512 et
589 2455 810 2531 consequenter
839 2465 892 2529 pro
923 2453 1003 2509 veris
1036 2449 1198 2534 Religiosis

54 2553 151 2614 babiti
173 2538 243 2613 s'unt
264 2554 317 2632 illi,
342 2559 391 2635 qui
416 2559 443 2615 ei
467 2571 577 2616 nomen
598 2552 759 2628 dederunt;
782 2553 836 2615 sed
859 2569 926 2614 cum
949 2555 980 2612 in
999 2551 1085 2614 Brevi
1110 2571 1208 2634 supra

54 2661 224 2718 memorato
247 2656 448 2742 Congregatio
472 2657 674 2718 Bethlemitici
698 2673 808 2718 nomen
831 2655 936 2716 babeat
960 2655 1198 2720 Goniraternita-

55 2764 96 2820 tis
119 2759 271 2821 bominum
304 2766 435 2840 piorum,
468 2777 523 2822 nec
553 2777 683 2840 unquam
713 2763 743 2820 in
775 2755 990 2821 eodemlirevi
1019 2777 1122 2821 sermo
1146 2759 1199 2822 bat

59 2863 111 2922 vel
134 2862 174 2923 de
196 2861 439 2947 Congregatione
461 2867 491 2925 in
514 2863 702 2946 Religionem
727 2862 882 2946 erigenda,
906 2862 955 2923 vel
977 2860 1014 2922 de
1033 2861 1117 2925 Votis
1140 2878 1199 2924 en-

53 2969 171 3046 pressis
194 2971 224 3026 et
247 2972 400 3046 perpetuis
422 2986 438 3028 a
462 2968 667 3030 confratribus
691 2967 878 3044 emittendis,
911 2969 1047 3046 quaestio
1071 2969 1208 3028 excitata·

53 3071 123 3147 luit,
149 3085 187 3132 an
209 3070 358 3148 praedicta
382 3069 587 3154 Gangregatio
610 3075 691 3134 esset
713 3087 818 3131 necno.
833 3085 904 3130 vera
927 3068 1053 3152 Religio.
1118 3085 1121 3093 ’

143 3189 191 3252 Ad
220 3190 380 3253 tollendam
408 3189 445 3251 de
477 3191 575 3254 medio
603 3189 678 3252 banc
708 3193 963 3269 controversiain,
996 3195 1082 3252 annis
1106 3203 1208 3272 prae-¹
1240 3232 1242 3236 .

53 3299 154 3356 teritis
177 3297 304 3356 accessit
327 3294 363 3356 ad
386 3294 495 3357 Urbem
510 3294 614 3356 Frater
631 3291 757 3355 Michael
781 3314 796 3356 a
819 3293 892 3356 lesu
908 3293 1011 3370 bieria,
1034 3293 1197 3356 suibeieoti

53 3401 221 3460 instructus
253 3396 390 3459 mandato
426 3378 591 3478 procurre,
627 3404 659 3458 ut
693 3417 709 3458 a
739 3395 816 3458 Sede
845 3396 1018 3478 Apostolica
1048 3397 1197 3460 obtineret

53 3501 297 3579 declarationem,
323 3501 402 3581 qued
426 3500 629 3584 Congregatio
653 3505 734 3562 esset
757 3516 827 3561 vera
851 3499 979 3584 Religio,
1004 3499 1052 3561 vel
1075 3499 1111 3562 ad
1136 3506 1198 3563 rni-

53 3623 112 3668 nus
136 3605 304 3680 obtineret,
333 3609 365 3666 ut
388 3603 591 3688 Congregatio
623 3609 655 3666 in
678 3619 778 3666 veram
802 3602 991 3686 Religionem
1015 3607 1195 3688 erigeretur.

142 3727 205 3810 Pro
219 3747 276 3812 boc
300 3753 423 3834 negotio
447 3749 647 3827 discutiendo,
670 3749 726 3814 luit
748 3749 885 3832 deputata
901 3747 1103 3840 congregatio
1124 3767 1197 3836 par-

54 3921 264 3934 m

75 4033 99 4103 ¹)
119 4029 201 4085 Casus
220 4029 494 4088 concrematum
514 4023 605 4087 vett.
624 4049 649 4102 p.
668 4033 710 4086 77.
