2758 4664
197 213 268 290 666
526 220 530 229 '
592 233 631 288 lis
646 229 738 290 caum
756 229 987 288 mirinouieliim.
1106 257 1110 265 ·

202 396 282 456 catio
303 389 439 454 iacienda
461 396 501 454 sit
521 389 695 455 immediate
717 391 753 456 ad
772 391 923 456 Datariam
945 389 996 451 vei
1017 406 1042 452 s.
1060 389 1329 466 Poenitentiariam,

202 493 257 558 sed
278 497 379 576 potius
401 493 439 556 ad
460 493 642 576 Episcopum
654 497 851 573 Dioeceseos,
874 499 925 576 qui
947 498 1007 555 tam
1030 493 1068 554 de
1087 493 1228 571 publicis,
1252 511 1332 573 quam

201 595 240 658 de
261 595 387 662 occultis
408 597 632 678 impedimentis
653 598 718 662 fere
738 603 867 676 cunctis,
889 603 921 664 in
944 597 1052 677 quibus
1067 595 1190 661 Dataria
1212 601 1245 658 et
1263 595 1335 656 Poe-

202 702 373 763 uiteniiaria
394 698 571 780 dispensare
601 707 702 782 potest
730 706 761 762 et
782 700 878 778 solet,
908 697 1099 780 dispensandi
1128 699 1221 761 babet
1244 697 1333 760 iacul-

200 808 303 866 tatem.
348 801 418 880 Sed,
442 811 475 864 nt
491 803 554 884 jam
577 821 667 886 supra
689 804 829 884 diximus,
853 803 1008 883 Episcopi,
1031 804 1082 882 qui
1103 801 1282 882 dispensant
1302 818 1337 861 ex

201 903 343 970 facultate
373 905 526 990 delegata,
568 925 607 968 ne
641 905 790 968 excedant
824 906 935 967 limites
975 903 1133 988 delegatae
1168 907 1335 985 potcstatis,

202 1008 302 1092 quoad
325 1005 390 1070 lieri
412 1013 522 1090 potest,
546 1009 655 1091 stylum
679 1015 709 1074 et
731 1009 844 1071 formas
867 1007 975 1070 Curiae
997 1007 1150 1070 Romanae
1174 1006 1337 1068 observare

201 1109 312 1172 debent
334 1116 365 1172 et
386 1109 498 1188 solent3
520 1113 600 1174 unde
622 1113 658 1176 ad
680 1116 838 1193 sequentia
860 1115 986 1174 attentio
1008 1107 1165 1193 dirigenda
1189 1125 1261 1169 esse
1285 1126 1338 1169 no-

202 1211 249 1277 bis
270 1213 405 1276 videtur:

235 1317 267 1396 1)
290 1315 469 1398 Praeprimis
491 1324 581 1382 etiam
603 1323 636 1396 in
657 1317 740 1382 bisce
762 1317 939 1400 regionibus
951 1314 1199 1402 distinguendum
1218 1331 1336 1396 semper

289 1425 347 1486 erit
366 1425 447 1490 inter
466 1421 680 1503 impedimenta
702 1421 819 1502 publica
841 1439 897 1486 seu
920 1425 1057 1498 notoria,
1081 1425 1113 1482 et
1134 1415 1271 1490 occulte;
1294 1421 1336 1479 si-

288 1529 349 1586 cuti
371 1529 565 1605 exposuimus
587 1533 615 1599 ς.
638 1523 690 1587 58.
714 1543 742 1586 ιι.
767 1525 788 1588 l.

232 1627 267 1704 2)
291 1627 324 1690 ln
347 1628 454 1690 littaris
476 1626 660 1708 supplicibus
682 1645 738 1707 pro
758 1627 983 1710 dispensatione
1005 1639 1095 1705 super
1115 1622 1337 1703 impedimentis

288 1732 415 1813 publicis
437 1729 516 1792 idem
540 1729 760 1792 observandum
783 1735 856 1810 erit,
890 1729 971 1812 quod
993 1728 1122 1789 diximus
1153 1725 1192 1787 de
1215 1725 1337 1808 dispen-

293 1839 400 1898 satiorr
394 1834 459 1896 bus
481 1833 636 1898 aDataria
658 1833 808 1914 petendis,
832 1840 859 1907 §.
875 1833 927 1898 56

234 1935 268 2012 3)
292 1937 322 2005 Si
345 1942 452 2020 agatur
473 1937 511 1998 de
532 1936 754 2016 impedimentis
782 1936 924 2012 occultis,
956 1933 1063 1996 modus
1085 1932 1335 2013 dispensationem

289 2038 409 2118 petendi
438 2057 455 2100 a
485 2057 510 2100 s.
534 2037 783 2117 Poeniteutiaria,
815 2057 904 2120 quem
932 2038 1070 2100 dedimus
1098 2041 1127 2110 δ.
1152 2035 1212 2116 58,
1248 2036 1281 2097 ΙΙ.
1310 2041 1336 2097 et

289 2159 367 2221 sep,
398 2142 571 2222 sequendus
600 2145 655 2206 est.

231 2243 267 2322 4)
290 2243 372 2304 idem
395 2243 554 2306 dicendum
584 2249 642 2308 erit
673 2243 711 2306 de
741 2243 831 2306 modo
855 2249 1030 2307 executioni
1060 2241 1150 2306 dandi
1182 2243 1338 2326 dispensa-

290 2350 420 2422 tionem;
456 2351 476 2410 i.
507 2364 534 2414 e.
565 2351 707 2412 executio
744 2349 975 2430 dispensationis
1012 2351 1119 2430 peragi
1151 2345 1265 2424 debet,
1301 2353 1339 2408 uti

288 2454 483 2530 exposuimus
506 2456 533 2524 §-
557 2450 608 2514 57.
632 2453 665 2512 in
687 2450 831 2532 publicis,
861 2457 892 2512 et
914 2459 941 2525 ς.
963 2448 1014 2516 59.
1039 2455 1070 2512 in
1092 2451 1222 2514 occultis
1242 2454 1341 2532 impe-

293 2551 442 2615 dimentis.

232 2656 267 2730 b)
289 2653 419 2718 Litterae
441 2655 591 2738 supplices
614 2656 651 2718 ad
673 2655 853 2737 Episcopum
875 2657 1047 2720 immediate
1070 2637 1254 2740 diripentnr,
1280 2663 1339 2720 sive

286 2763 388 2842 agitur
420 2759 458 2822 dc
489 2759 632 2842 publicio,
672 2764 738 2822 sive
767 2760 805 2822 de
842 2761 968 2823 occultis
997 2759 1243 2840 impedimentis3
1274 2766 1339 2842 quia

287 2859 452 2946 Episcopus
479 2859 567 2927 habet
593 2880 633 2924 ex
654 2861 829 2945 Apostolioa
859 2861 1050 2946 delegatione
1080 2861 1255 2928 laenitatem
1280 2864 1338 2926 dis·

286 2965 430 3048 pensandi
452 2969 485 3028 in
507 2971 634 3052 utroque
656 2964 769 3045 ioro¹).

233 3064 374 3144 biouae
396 3073 604 3132 annotavimus
627 3073 711 3142 in§.
742 3064 794 3132 54.
826 3067 864 3128 de
893 3029 1066 3130 cessatione
1095 3070 1337 3150 dispensationis,

287 3177 462 3253 praesertim
485 3171 524 3234 ob
546 3172 682 3252 copulam
705 3175 786 3234 inter
801 3169 944 3234 Oratores
966 3177 1053 3250 (anie
1076 3177 1106 3234 et
1128 3179 1197 3252 post
1219 3179 1338 3254 petitio-

287 3273 371 3349 nem)
389 3271 529 3356 habitam,
542 3275 628 3338 valde
643 3273 855 3358 perpendenda
869 3281 954 3352 sunt3
977 3275 1054 3339 coni.
1077 3280 1167 3338 etiam
1190 3281 1218 3350 §.
1235 3277 1286 3340 57.
1304 3276 1336 3338 ll.

201 3411 406 3428 *————--·

270 3499 351 3568 iisque
365 3497 441 3563 justis
458 3501 579 3564 repertis,
606 3498 788 3565 dispensationi
807 3497 935 3550 clarrsulae
953 3497 1053 3552 debitae
1072 3507 1247 3566 apponentem
1273 3501 1336 3568 atqui

270 3593 388 3640 neutrum
411 3581 501 3640 iorum
525 3585 657 3640 commode
679 3585 735 3636 lieri
760 3593 856 3652 potest,
880 3588 903 3636 si
927 3595 1045 3638 ermenus
1063 3594 1169 3647 tantum,
1193 3593 1221 3636 et
1245 3600 1296 3634 nou
1313 3589 1335 3634 in

271 3671 371 3740 scriptis
388 3669 543 3738 supplicatur
560 3678 586 3722 et
602 3669 771 3740 dispensatur.
795 3669 924 3724 Reiffeust.
943 3688 1002 3740 app.
1018 3676 1044 3737 s.
1064 3672 1103 3724 iii.
1121 3687 1146 3724 n.
1166 3671 1229 3732 bil,
1245 3673 1305 3724 524.

231 3757 253 3828 ¹)
272 3757 322 3812 Sed
339 3755 414 3810 ualde
431 3755 627 3810 desiderandum
645 3774 701 3810 esse
718 3758 833 3820 videtur,
851 3766 879 3810 ut
896 3759 922 3809 in
940 3759 1028 3825 amplis
1046 3759 1193 3824 praesertim
1213 3756 1335 3808 dioecesi·

271 3841 477 3912 talipiacum·
501 3841 564 3894 alio·
586 3843 704 3896 adhibeat
727 3843 847 3898 officiales
874 3845 901 3896 ia
919 3843 1148 3912 dispensationibus
1173 3844 1206 3894 de
1224 3842 1333 3910 publicis,

272 3937 298 3985 ei
314 3928 377 3982 allos
399 3927 433 3984 da
449 3927 556 3982 occultis
572 3930 769 3998 impedimentis,
797 3932 856 4000 quia
875 3931 949 3988 aliter
971 3939 1095 3988 isoncium
1120 3931 1146 3988 m
1165 3929 1272 3990 occuli·
1288 3930 1333 3989 iro·

273 4013 423 4096 pedimentis
440 4013 747 4094 acquisieramus
764 4024 856 4095 parem
