2758 4664
180 211 243 282 teo
419 229 861 300 alumnumalumnum
880 228 1061 287 naumann

178 397 279 454 autem
303 389 456 472 delegatio
475 389 568 450 dehet
593 401 661 450 esse
684 403 826 467 expressa
849 386 1040 450 et=lntimata
1052 385 1096 466 ¹),
1127 385 1217 448 allier
1240 389 1320 446 enim

179 500 260 556 esset
290 493 387 567 uulla3
417 490 566 573 Capeliani
597 495 696 552 tamen
726 495 757 548 et
788 493 893 553 vloarll
923 490 1084 572 parochiae
1119 493 1320 570 temporanei,

178 601 229 678 qui
251 599 493 658 commissionem
515 593 688 678 generalem
711 592 748 654 ad
775 599 908 655 omnium
938 599 1197 658 sacramentorum
1221 592 1322 655 admi-

178 704 384 762 nistrationem
407 703 438 758 ln
451 696 591 778 parochia
615 715 631 757 a
647 693 777 775 parocho
791 695 911 774 hahent,
934 713 994 759 non
1013 697 1151 779 indigent
1173 713 1321 776 expressa

177 803 296 865 licentia
319 801 356 863 ad
378 800 476 862 valide
501 800 717 876 assistendum,
741 803 799 860 nisi
822 814 966 880 expresse
990 798 1139 880 parochus
1161 798 1332 865 contradi,

176 901 301 984 uerit');
324 905 490 987 delegatus,
514 902 551 963 ad
573 903 782 982 particularem
795 919 897 963 casum
911 919 974 964 non
990 908 1087 983 potest
1109 901 1322 984 subdelegato,

177 1013 236 1082 nisi
257 1022 400 1090 expressa
423 1009 613 1068 contineatur
639 1010 671 1066 ln
695 1001 940 1088 delegatione³);
969 1005 1126 1088 delegatus
1156 1012 1260 1067 autem
1284 1003 1323 1064 ad

74 1116 80 1121 ”
177 1115 402 1174 universitatem
419 1123 583 1170 causarum
605 1112 757 1188 potestat
788 1108 879 1170 alium
911 1107 1125 1189 subdelegare,
1160 1110 1218 1168 nisi
1243 1103 1322 1168 haec

176 1213 303 1277 facultas
325 1225 487 1293 expresse
523 1210 591 1270 vel⁴
610 1227 651 1270 ex
685 1209 904 1271 oonmctndnre
941 1210 1096 1292 deleganti
1131 1214 1322 1271 reservetur.

175 1315 317 1398 Exspirat
338 1315 488 1397 delegatio
511 1315 562 1373 aut
584 1329 638 1392 per
660 1317 904 1392 revocationem,
928 1319 979 1374 aut
1000 1331 1055 1393 per
1080 1321 1207 1378 mortem
1229 1311 1324 1373 dele-

176 1424 285 1504 gantis,
309 1434 396 1498 quern
409 1422 537 1498 primum
550 1415 707 1496 delegatus
729 1416 767 1476 de
789 1419 983 1478 revocatione
1006 1417 1055 1478 vel
1077 1415 1225 1479 demorie
1248 1434 1325 1478 oer-

175 1503 1128 1604 ummmwmmmwwf

260 1625 309 1690 vl.
348 1625 422 1686 Cum
453 1622 599 1705 parochus
630 1639 685 1702 per
715 1627 914 1704 praesentiam
951 1631 1012 1685 non
1043 1627 1187 1685 exerceat
1218 1627 1322 1683 actum

170 1725 407 1810 junsdicumls,
439 1727 492 1788 sed
515 1724 659 1786 duntaxat
681 1727 720 1785 sit
743 1729 828 1785 iestis
851 1725 1090 1804 authorisahilis,
1123 1743 1184 1806 quo
1206 1731 1322 1788 mutri-

173 1835 274 1893 moni'a
295 1835 448 1892 contracta
471 1845 539 1890 essa
560 1833 644 1889 cerlo
666 1833 807 1890 constare
827 1834 941 1908 possit,
972 1829 1042 1890 hinc
1070 1829 1108 1892 ad
1130 1829 1320 1892 validitatem

174 1933 355 2015 matrimonii
378 1933 420 1994 nil
440 1935 614 2012 requiritur,
639 1933 696 1992 nisi
719 1930 842 2011 parochi
864 1934 976 2014 proprii
994 1937 1165 2014 praesentia
1179 1931 1317 2010 moralis,

173 2040 224 2115 qul
246 2050 429 2098 consensum
451 2035 690 2098 contrahentium
714 2051 787 2096 vere
807 2035 958 2119 intelligat
987 2042 1018 2097 et
1039 2031 1231 2116 percupidi),
1258 2051 1319 2096 nec

172 2139 303 2215 obesset,
328 2140 384 2200 etsi
399 2137 486 2202 leret
507 2143 621 2200 invitus
639 2138 688 2198 vel
707 2143 843 2214 coactus,
865 2137 954 2202 modo
967 2141 1051 2214 sciat,
1076 2137 1148 2218 qnid
1163 2135 1318 2222 agatur.⁶)

172 2241 236 2305 hec
257 2241 365 2321 obstat,
388 2245 415 2304 si
433 2241 580 2323 parochus
604 2241 734 2302 nondum
748 2239 982 2319 nasacerdosip,
1009 2243 1056 2303 vel
1071 2243 1190 2304 titulum
1208 2243 1320 2306 haheat

99 2373 102 2378 ·
172 2349 293 2408 nonnisi
311 2345 489 2424 calmetam,
515 2343 645 2408 modone
666 2349 705 2406 sit
727 2350 830 2426 aperte
851 2349 1001 2419 intrusum
1023 2363 1091 2424 neo,
1116 2351 1141 2408 si
1158 2345 1321 2429 irregula-

171 2451 269 2530 ritate,
295 2452 508 2529 suspensione,
537 2447 699 2510 interdicto
728 2448 778 2508 vel
801 2451 1116 2511 excommunicatione
1139 2449 1319 2525 innodatus,

174 2553 264 2616 modo
289 2549 449 2616 actualiter
472 2551 605 2612 nondum
629 2554 667 2612 sit
689 2547 891 2632 depositusssl.

121 2643 124 2648 ’
183 2684 187 2696 ·
257 2655 320 2718 Vll.
341 2655 524 2717 intestibus
545 2651 726 2717 adhibendis
748 2655 828 2717 nulla
857 2657 1022 2734 requiritur
1049 2655 1321 2737 peovdlarisoua·

172 2759 240 2822 litas
269 2763 389 2840 praeter
421 2775 512 2820 usum·
537 2762 680 2832 rationis,
710 2773 781 2819 cum
809 2757 939 2819 irident.
980 2758 1093 2819 nullum
1124 2757 1319 2822 determinet.

171 2861 258 2924 Unde
280 2867 406 2942 possunt
433 2879 502 2922 esse
529 2866 624 2922 testes
653 2862 841 2942 impuberes,
872 2865 1107 2944 consanguinei,
1140 2861 1317 2943 domestici,

171 2965 325 3048 religiosi,
356 2963 503 3042 feminae,
536 2967 802 3042 excommunicati,
835 2965 978 3043 infames,
1004 2965 1164 3044 haeretici,
1201 2971 1231 3026 et
1266 2968 1319 3028 alii

171 3067 395 3148 qualescunque
427 3072 513 3147 sunt,
559 3066 720 3129 dummodo
753 3066 790 3126 de
820 3065 877 3128 hoc
906 3072 974 3128 actu
1007 3071 1115 3130 testari
1151 3069 1316 3148 queant⁹).

171 3185 377 3198 —n-—n-—a—-n

199 3238 221 3304 ¹)
240 3237 265 3288 S.
285 3231 312 3286 G.
331 3235 346 3286 l.
367 3237 407 3288 15.
425 3235 503 3303 April.
524 3237 599 3289 leae.

196 3325 219 3390 ²)
237 3320 263 3375 s.
282 3319 311 3373 e.
330 3321 345 3372 l.
364 3323 406 3372 22.
425 3320 485 3372 aava
506 3321 578 3374 lael.

194 3409 219 3474 θ)
237 3408 262 3459 S.
281 3405 309 3460 G.
328 3407 344 3458 l.
370 3407 437 3474 apud
455 3407 568 3476 Fagnar.
596 3411 621 3459 ie
646 3407 689 3460 lib.
708 3405 749 3460 lV.
768 3407 867 3461 Decret
891 3407 924 3460 de
947 3409 1030 3464 claud.
1049 3410 1169 3479 despuas.
1187 3431 1211 3465 c.
1240 3412 1318 3479 onae

236 3494 311 3546 audie
328 3509 352 3546 a.
372 3495 412 3546 32.

180 3579 219 3647 Ιἃ)
237 3580 297 3632 last
317 3589 380 3648 past.
398 3581 468 3647 Eyat.
486 3581 545 3633 345.

193 3665 223 3732 ⁴)
237 3665 263 3719 S.
282 3663 310 3718 G.
330 3665 346 3718 l,
365 3667 406 3719 28.
424 3665 483 3717 Jalii
504 3668 584 3732 16763
601 3669 627 3718 6.
648 3666 717 3718 ldart.
738 3665 813 3720 dido.

195 3756 219 3820 ς)
238 3751 263 3804 S.
281 3750 309 3805 G.
328 3753 344 3804 l.
363 3753 387 3805 6.
405 3751 509 3822 August.
531 3754 610 3805 1706:
632 3754 671 3805 15.
690 3753 750 3807 Dec.
774 3754 846 3806 alt.
957 3756 960 3761 '

195 3839 218 3904 ²)
238 3837 262 3889 S.
282 3834 309 3889 0.
331 3838 346 3888 Ι.
365 3839 406 3890 29.
425 3837 507 3890 llariil
530 3839 604 3890 lost.
673 3858 676 3866 ·

124 3963 138 3992 ,
195 3923 218 3987 ⁸)
236 3923 260 3974 s.
280 3920 308 3973 c.
327 3923 343 3974 r.
364 3902 402 3976 l2.
422 3923 493 3976 naa.
515 3924 594 3990 laea
613 3922 731 3979 3111111
753 3925 826 3980 laea.

193 4006 217 4074 ⁰)
235 4004 261 4059 S.
279 4003 307 4058 G.
325 4005 342 4058 l.
363 4007 402 4061 ta.
420 4007 538 4062 Decemh.
559 4009 633 4063 late.
