2736 4660
156 157 221 244 m
631 182 825 248 ammeca

154 359 225 408 csse
244 342 433 424 conjunctas,
457 345 545 422 prout
569 340 663 423 161161
685 361 725 409 ex
747 358 866 410 arnano
888 342 1059 420 eclanum
1079 365 1151 410 amn
1176 353 1300 425 antem,

157 448 214 512 risi
239 447 470 510 matrimonium¹
489 447 569 508 inter
606 463 661 508 ecs
686 444 899 524 contrairetur,
931 446 1009 514 dicta
1048 449 1158 512 mulier
1187 499 1195 512 .
1220 499 1228 512 .

157 553 311 628 utsupra.

116 653 117 656 ’
243 651 272 714 Si
305 669 378 714 vero
410 655 624 732 praecessisset
651 652 756 732 copula
795 669 863 716 cum
891 669 947 732 spe
979 652 1094 716 facilius
1135 655 1299 720 obtinendi

70 757 76 770 “
155 753 421 836 dispensationem,
444 759 484 818 ita
506 753 732 834 supplicandum
754 760 850 818 esset:

239 857 407 937 Exponitur
429 857 578 922 1661111161
600 863 648 917 616
650 904 781 920 .....
805 857 885 937 qaod
915 861 972 936 ipsi
1004 858 1077 924 aliu
1097 865 1237 924 scientes
1261 881 1297 925 se

156 959 292 1025 secundo
315 959 411 1044 gradu
435 964 704 1043 ccomnpuinitatis
726 958 822 1040 gradu
853 960 969 1040 aequali
997 977 1071 1024 esse
1098 966 1296 1045 conjunctos,

155 1063 211 1128 sub
233 1081 287 1144 spe
309 1063 425 1126 facilius
448 1061 601 1126 obtinendi
623 1061 877 1140 dispenmuomm
901 1077 969 1126 saec
988 1065 1149 1128 carnaliter
1171 1086 1298 1151 cogno-

156 1173 265 1244 verint,
288 1172 345 1228 etc.
370 1170 522 1245 utsupra.

242 1270 272 1333 Si
295 1288 354 1332 una
376 1273 488 1330 tantum
512 1285 591 1348 pars,
614 1286 641 1330 1.
651 1288 681 1350 p.
703 1266 810 1331 Orator
831 1263 888 1330 aab
912 1266 960 1328 lali
982 1287 1035 1349 spe
1058 1279 1224 1351 peccasset,
1250 1279 1298 1334 sic

157 1377 285 1455 exprimi
307 1377 425 1452 potest:
992 1371 998 1400 ¹

241 1477 406 1556 Exponitur
428 1523 435 1538 .
460 1519 466 1534 .
489 1521 496 1535 .
521 1521 529 1536 .
558 1472 638 1552 quod
665 1475 723 1552 ipsi
750 1469 824 1534 allas
855 1475 1002 1552 scientes,
1035 1493 1069 1538 se
1093 1523 1100 1538 .
1125 1527 1133 1542 .
1157 1525 1166 1540 .
1190 1525 1197 1540 .
1222 1497 1296 1542 esse

158 1582 343 1662 conjunctos,
368 1576 517 1658 praelatus
540 1575 649 1638 Orator
677 1573 732 1638 sub
754 1592 808 1653 spe
831 1573 947 1636 lucilius
979 1577 1131 1641 obtinendi
1164 1581 1296 1664 dispen-

159 1681 489 1758 sationemOratricem,
513 1679 639 1744 similem
658 1695 741 1757 spem
765 1695 826 1738 non
842 1675 1011 1760 habentem,
1036 1683 1197 1745 carnaliter
1212 1705 1296 1768 cog-

157 1791 295 1861 noverit;
318 1804 386 1848 cum
408 1790 507 1847 autem
530 1789 587 1844 otc.
609 1787 642 1844 ut
662 1799 763 1861 supra.

157 2015 187 2080 2)
205 1987 282 2070 Alia
298 2006 463 2081 formula,
490 2005 615 2081 copule
632 2003 723 2063 inter
749 2007 903 2065 oratores
921 2021 994 2067 1166
1012 2009 1251 2071 intercedente
1261 2013 1293 2079 ¹).

243 2135 504 2202 Reverendlssimc
527 2133 811 2236 acClementisslme
834 2135 867 2197 D.
882 2133 915 2201 ll.
939 2137 1095 2221 Episcope.

242 2243 409 2324 Exponitur
433 2241 584 2303 humiliter
598 2238 860 2302 Reuerendissimo
881 2259 916 2301 ac
939 2239 1177 2307 clementissimo
1195 2245 1228 2309 D.
1251 2247 1284 2309 D.

156 2347 301 2432 Episcopo
314 2365 367 2430 pro
384 2351 466 2426 parte
484 2344 659 2406 devotorum
678 2341 836 2404 Oratorum
851 2343 884 2406 N.
902 2343 936 2407 N.
952 2352 982 2406 ct
996 2343 1030 2408 N.
1048 2345 1082 2411 11.
1100 2348 1136 2408 de
1151 2349 1294 2430 parochia

157 2451 312 2515 Dloccesis
334 2449 422 2532 hujus
453 2497 491 2512 ..
517 2496 555 2512 ..
586 2445 766 2529 quodcum
797 2451 911 2508 oratrix
940 2451 1121 2530 vigesimum
1153 2459 1293 2532 quartum

157 2559 262 2618 aetatis
284 2568 357 2616 suae
380 2569 490 2614 annum
514 2549 664 2612 excedens
687 2551 783 2608 virum
807 2553 885 2630 paris
899 2551 1091 2632 conditioniS,
1115 2559 1161 2616 cui
1177 2555 1292 2617 nubere

157 2661 260 2740 possit,
286 2673 380 2735 usquc
402 2652 498 2716 adhuc
520 2671 580 2715 non
602 2646 801 2726 invencrit²),
830 2653 888 2730 cel,
913 2653 1084 2732 quodcum
1113 2655 1192 2718 dicta
1216 2677 1291 2720 ora-

157 2767 216 2823 trix
237 2765 269 2822 in
286 2759 365 2822 dicto
397 2759 462 2819 loco
485 2761 606 2837 propter
627 2755 708 2816 illius
729 2757 900 2836 angustiam
928 2760 1024 2818 virum
1052 2759 1093 2819 ibi
1124 2779 1183 2824 non
1211 2779 1291 2824 con·
1361 2777 1362 2840 p

157 2869 356 2948 sanguineum
385 2859 447 2938 (vel
469 2857 604 2933 allinem)
627 2861 706 2938 paris
730 2857 926 2936 conditioni'S,
959 2865 1006 2920 cui
1039 2863 1152 2924 nubere
1183 2871 1286 2945 possit,

157 2971 294 3030 invenire
316 2958 495 3044 nequeat³);
517 2963 566 3022 cel
588 2959 678 3042 quod,
702 2979 769 3022 cum
794 2959 870 3023 dicta
895 2967 1009 3024 oratrix
1031 2965 1120 3027 vidua
1144 2971 1289 3048 61611111-

156 3087 215 3152 que
238 3067 305 3130 liliis
328 3085 367 3130 ex
389 3065 446 3129 alio
470 3069 535 3126 viro
558 3069 721 3144 procreatis
742 3071 866 3146 gravata
890 3071 1016 3146 existat,
1046 3075 1076 3129 et
1098 3068 1196 3132 dictus
1217 3089 1289 3132 ora·
1361 3097 1362 3116 2

157 3175 206 3235 tor
227 3171 306 3232 illam
329 3174 360 3230 in
384 3187 509 3231 uxorem
532 3167 653 3247 ducere,
688 3168 844 3248 dictosque
867 3170 932 3252 ejus
955 3169 1031 3232 [ilios
1063 3171 1145 3234 alere
1176 3177 1206 3234 61
1229 3193 1289 3257 gu-

157 3275 287 3340 bernare
308 3268 489 3350 intendam),
514 3275 633 3352 cupiant
656 3319 663 3332 .
687 3319 694 3333 .
720 3319 727 3333 .
751 3271 810 3348 ccl,
834 3271 923 3352 quod,
948 3291 1015 3336 cum
1031 3272 1174 3340 Oratores
1199 3295 1288 3356 prae-

157 3419 362 3431 *υκαι-α-

187 3519 209 3586 ¹)
227 3516 286 3570 Fert
304 3517 383 3584 stylus
401 3513 543 3576 curiarum,
561 3521 598 3586 nt,
618 3501 719 3580 qnando
736 3513 943 3580 impedimentum
961 3529 991 3564 cx
1010 3513 1100 3584 copula
1113 3520 1229 3584 provenit
1242 3521 1288 3570 im·

225 3603 395 3672 pedimentum
415 3609 472 3654 61116
491 3616 601 3677 causam,
622 3617 666 3652 seu
684 3601 815 3663 motivum,
838 3603 863 3652 in
887 3599 986 3668 reliquis
1014 3617 1074 3653 varo
1093 3605 1215 3656 motivum
1233 3615 1287 3658 6616

225 3689 429 3757 impedimentum
447 3686 594 3738 1616166111.
618 3715 652 3724 -
674 3685 791 3738 instruct.
809 3693 873 3754 past.
892 3685 962 3752 Eyst.
982 3705 1005 3754 p.
1024 3687 1082 3740 320.

186 3777 208 3842 ²)
228 3775 305 3827 Aetas
324 3775 432 3826 laminae
451 3771 621 3842 superadulta.

187 3860 210 3928 ³)
229 3861 353 3930 Angustia
371 3859 428 3912 loci.
