2758 4664
174 203 235 272 lit
544 223 582 274 u·
599 221 690 276 cram
707 219 942 276 normannum

172 379 362 461 dispensandi
374 379 416 455 ¹);
448 385 478 439 et
500 385 578 445 sicut
600 401 615 441 a
636 371 706 442 ¹solu
729 366 845 441 summo
867 376 1022 442 Pontiicc,
1046 379 1096 454 qui
1115 373 1312 456 jurisdictio-

173 502 239 544 nem
264 481 350 546 habet
371 487 402 546 in
429 487 600 544 universam
617 483 792 554 Ecclesiam,
818 483 902 563 leges
919 478 1115 553 universales,
1140 476 1310 559 cujusmodi

171 591 241 648 sunt
272 592 380 649 truncia
412 587 625 664 impedimenta
656 590 853 656 matrimonii,
888 582 973 644 condi
1018 585 1158 659 possunt,
1193 585 1237 642 ita
1276 579 1312 641 ab

172 689 290 767 eodem,
312 692 440 768 ipsoque
463 690 529 778 spic
553 689 590 749 de
612 694 650 752 iis
673 695 771 768 potest
788 689 953 767 dispensari
962 683 988 757 ²)
996 702 1005 758 3
1029 687 1086 744 nisi
1103 682 1181 742 torte
1205 682 1312 744 eadem

172 792 296 853 facultas
319 791 508 871 dispensandi
532 809 570 851 ex
593 791 717 872 quadam
747 789 917 870 particulari
941 789 1017 868 juris
1041 786 1241 864 dispositione
1265 785 1313 846 vel

172 913 211 954 ex
242 894 435 975 delegatione
465 895 587 973 speciali
618 912 734 956 summo
764 892 907 956 Pontilice
937 890 1132 951 interioribus
1163 906 1312 950 concessa

171 1001 219 1060 stt.
246 1029 284 1042 -·-
307 995 391 1060 tuso
413 995 513 1060 tamen
537 1013 638 1071 causa,
661 1013 700 1057 ne
723 997 909 1076 dispensatio
932 995 982 1056 liat
999 995 1166 1072 dissipatio,
1191 1009 1315 1070 semper

172 1085 334 1180 requiritur
347 1101 393 1162 ad
407 1101 651 1181 dispensandum,
677 1105 708 1160 et
721 1099 842 1180 quidem
860 1104 890 1160 in
906 1103 972 1178 ipso
989 1113 1105 1158 summo
1125 1095 1315 1176 legislatore,

171 1207 206 1264 ut
224 1201 318 1278 licite,
340 1207 372 1264 in
395 1204 546 1286 delegatis
565 1209 674 1277 autem,
699 1209 731 1263 ut
753 1203 855 1264 aalide
876 1201 1073 1281 dispensetur.
1164 1188 1170 1195 ’

258 1305 309 1368 lll.
334 1305 365 1366 ln
390 1306 539 1384 prioribus
561 1305 690 1367 saeculis
713 1305 897 1384 dispensatio
920 1303 957 1364 de
973 1305 1156 1364 matrimonii
1176 1300 1317 1380 inpedi-

171 1411 455 1470 mentls'rurisslrno
478 1408 571 1468 inisse
595 1425 737 1469 concessa
755 1407 900 1468 traditur.
946 1402 1060 1467 Primus
1082 1404 1223 1465 Pontifex
1246 1403 1317 1464 Ro-

171 1528 286 1589 mastus,
311 1517 361 1591 qui
384 1517 416 1572 in
439 1529 511 1572 casu
534 1511 703 1590 particulari
734 1511 845 1589 aliquid
867 1513 979 1592 rigoris
1002 1507 1040 1569 de
1063 1507 1180 1588 legibus
1203 1510 1318 1568 matri·-

170 1615 350 1676 monialibus
374 1614 526 1675 relaxasse
555 1612 683 1696 legitur,
713 1619 778 1674 erat
801 1631 824 1672 s.
846 1611 1010 1695 Gregorius
1033 1610 1087 1680 it,
1121 1613 1172 1689 qui
1194 1627 1218 1670 s.
1242 1607 1318 1672 Au·

171 1721 302 1800 gastine,
327 1715 495 1798 Anglcrmn
525 1720 625 1796 gantis
648 1719 790 1795 episcopo
813 1720 948 1794 scripsit,
982 1720 1013 1776 ut
1036 1731 1132 1793 nuper
1155 1717 1317 1786 conversi,

170 1823 275 1899 quarta
298 1822 444 1900 progenie
466 1819 631 1898 cunjuncti,
657 1835 715 1880 non
735 1825 959 1897 separarentur3
982 1817 1063 1896 quod
1083 1822 1183 1878 tamen
1205 1814 1318 1877 indul-

170 1926 244 1997 tum,
266 1926 404 2001 quamvis
427 1924 646 2000 sapientissime
669 1921 745 1983 datls
768 1939 867 1982 rerum
886 1924 1118 1982 circumstantiis
1132 1935 1317 1981 concessum

171 2023 272 2098 ment
297 2029 355 2086 mm
378 2027 512 2105 graviter
533 2021 657 2084 ollendit
681 2029 936 2102 cotemperaneos,
962 2029 994 2086 ut
1017 2027 1047 2083 in
1069 2023 1150 2084 illius
1171 2021 1319 2084 vindiea-

170 2130 284 2188 tiuuem
308 2131 511 2188 necessarium
534 2125 684 2201 hahuerit,
708 2126 744 2188 ad
768 2125 907 2200 Felicem,
937 2125 1117 2208 Episcopum
1138 2125 1319 2186 llessineu-

171 2245 247 2304 sem,
270 2245 376 2290 causas
399 2233 536 2303 motivas,
561 2229 599 2290 ob
614 2245 688 2309 quas
710 2234 751 2292 ita
764 2234 871 2312 egerit,
896 2245 1060 2309 exponere,
1085 2227 1232 2302 scribens,
1257 2243 1319 2305 „se

170 2333 213 2392 tta
236 2305 353 2413 egisse,
383 2351 422 2392 ne
451 2350 545 2414 gens,
576 2349 653 2412 quae
681 2347 777 2411 nuper
807 2331 842 2392 ad
873 2330 961 2392 fidem
984 2336 1124 2406 uenerat,
1155 2329 1321 2406 (videlicet

171 2443 248 2516 gs'ns
270 2435 497 2517 Anglorumta
526 2435 622 2510 bonu,
654 2435 733 2515 quod
761 2439 920 2514 coeperat,
953 2434 1115 2494 metuendo
1145 2437 1318 2496 austeriora

169 2537 360 2600 recederet.“
405 2537 605 2618 specialiter,
638 2541 697 2613 ait,
738 2544 769 2596 et
803 2552 865 2600 non
895 2537 1082 2615 perscrutator
1117 2541 1228 2598 ceteris
1266 2555 1320 2598 mo

169 2644 328 2720 scripsisse
350 2658 626 2723 cognoscas;·nam
646 2640 733 2719 juxta
754 2639 941 2720 Apostolum,
966 2645 1016 2720 qui
1039 2646 1095 2702 alt:
1121 2639 1203 2717 „Lac
1225 2639 1319 2702 vobis

170 2750 272 2824 potum
295 2741 374 2817 dedi,
399 2759 459 2804 non
482 2745 617 2816 escam‚“
640 2747 695 2804 ista
719 2744 782 2806 illia
800 2745 900 2817 modo,
924 2761 984 2805 non
998 2746 1136 2823 porteris
1160 2747 1317 2822 tempori-

170 2845 228 2908 lius
247 2845 377 2908 tenenda
400 2845 594 2922 indulsimus,
626 2862 664 2908 ne
687 2846 814 2922 bonum,
847 2847 926 2926 quud
949 2847 1066 2909 inlirma
1090 2845 1186 2907 adhuc
1205 2845 1318 2910 radice

122 3027 125 3034 Ι
170 2949 330 3030 plantatum
354 2953 435 3022 erat,
459 2953 633 3025 erueretur,
666 2948 719 3010 scd
744 2955 882 3028 coeptum
906 2950 1074 3012 firmaretur
1106 2954 1135 3009 et
1159 2966 1256 3028 usque
1280 2948 1317 3011 ad

200 3209 221 3276 ¹)
238 3210 283 3273 „Si
307 3213 362 3279 quis
380 3212 477 3270 dixerit⁴
491 3229 536 3264 sos
559 3221 654 3264 tantum
681 3214 908 3280 consanguinitatis
933 3221 959 3262 et
981 3196 1238 3280 sllicitatis'gradus,
1270 3216 1316 3282 qui

238 3295 348 3348 Leuitico
374 3302 563 3365 exprimuntur,
596 3314 670 3366 posse
697 3297 818 3364 impedire
845 3301 1029 3350 matrimonium
1055 3297 1258 3350 contrahendum
1290 3307 1318 3350 et

238 3383 356 3436 dirimere
375 3392 529 3436 contractum
542 3399 591 3434 nec
608 3401 681 3451 posse
691 3383 841 3434 Ecclesiam
858 3387 886 3434 ia
904 3384 1033 3436 nonnuliis
1051 3399 1139 3436 sonim
1152 3385 1318 3452 dispumare,

238 3477 282 3520 aut
299 3472 469 3531 consuluere,
488 3479 515 3522 ut
533 3469 622 3536 pluras.
635 3470 773 3536 impediant
791 3478 818 3520 ct
834 3469 967 3530 dirimant,
986 3485 1007 3520 a.
1024 3487 1046 3522 s.
1066 3468 1143 3522 Cone.
1161 3469 1230 3522 tun
1252 3487 1319 3522 sess.

238 3555 280 3614 24,
298 3554 331 3606 de
347 3557 393 3608 rel.
415 3563 488 3607 matr.
506 3571 563 3608 cau.
582 3557 605 3608 ³.
1149 3554 1152 3561 ’

199 3643 221 3708 ²)
238 3638 357 3703 „Quam
384 3650 413 3692 ut
435 3643 524 3694 summi
544 3641 674 3692 Pontifices
697 3640 740 3703 jus
765 3641 826 3692 titud
847 3648 1000 3702 exerceant,
1027 3626 1223 3709 quod'semper
1241 3659 1320 3693 exer-

179 3770 184 3780 ,
237 3736 358 3787 cuorum,
382 3727 483 3781 laxoodi
502 3727 646 3778 dirimentis
665 3730 851 3780 matrimonium
873 3726 1067 3792 impedimenta,
1093 3727 1154 3778 nihil
1172 3727 1219 3778 sihi
1239 3744 1319 3794 prae-

238 3817 313 3880 cipue
330 3830 463 3865 reservare
500 3812 655 3875 debuerunt,
674 3829 757 3882 nequo
779 3813 872 3880 aliquid
893 3813 925 3863 de
938 3813 1046 3875 juribus
1064 3813 1256 3880 episcopalibus
1274 3815 1319 3864 di-

237 3903 353 3951 minucre
370 3893 551 3952 oc‘detralrerc
569 3904 696 3965 oportuit;
715 3915 756 3952 ros
774 3902 827 3966 ipsa
839 3907 916 3960 votat,
936 3897 1212 3968 inl'erioremalrrogsro
1222 3898 1318 3967 legem,

236 4001 303 4058 quae
321 3987 458 4051 superioris
475 3987 580 4051 imperio
599 3989 695 4037 sancita
713 3990 777 4036 csta*
816 3985 913 4039 lienem
932 3983 975 4036 lib.
992 3986 1017 4036 2.
1036 3983 1069 4038 de
1086 3992 1158 4041 matr.
1176 3986 1204 4050 s.
1223 3983 1280 4040 tir.
