2746 4646
333 192 372 250 m
387 196 573 266 murmura
589 196 936 268 rueme-uuum..
1155 181 1198 256 st

582 447 609 516 §-
632 441 684 504 22.

225 569 254 635 b)
273 571 309 622 Ne
326 575 519 622 matrimonium
537 575 710 634 contradatur
722 574 889 638 clamdestine,
908 574 1002 626 scilicet
1019 578 1044 626 in
1062 575 1112 628 illis
1128 576 1207 640 locis,

269 654 312 706 ubi
331 655 429 708 Deerat.
449 656 545 710 Concil.
563 657 672 712 Trident.
695 663 763 714 circa
787 662 944 712 matrimonia
968 660 1124 714 claudestina
1147 677 1200 714 nou

273 748 310 790 est
328 751 464 810 receptum.

147 857 169 922 I.
182 858 413 938 clandestinum,
440 867 471 922 ιιι
484 881 593 926 nornen
615 869 713 946 ipsum
734 883 806 944 prae
828 883 861 928 se
884 865 950 943 lert,
976 865 1093 944 dicitur,
1116 865 1200 946 quod

67 962 136 1022 clam
161 960 212 1039 lit,
236 962 315 1024 unde
339 967 558 1029 matrimonium
581 987 598 1028 a
621 969 754 1048 pluribus
782 985 821 1028 ex
843 968 952 1048 duplici
974 972 1089 1032 ratione
1112 969 1200 1032 alan,-

68 1063 215 1126 destinum
245 1070 383 1143 vocatur,
408 1066 567 1147 videlicet,
605 1069 634 1146 l)
658 1076 682 1134 si
706 1071 947 1132 denuntiationes
978 1070 1015 1132 ad
1037 1071 1200 1151 perlectam

67 1168 127 1246 ejus
150 1167 381 1246 publicationem
403 1175 532 1236 statutae
563 1173 601 1234 ab
623 1174 757 1236 Ecclesia
779 1175 960 1236 ominamur.
993 1173 1030 1245 2)
1052 1177 1078 1236 si
1107 1178 1200 1238 testes

67 1269 202 1332 deliciant
224 1290 259 1332 ac
289 1270 412 1350 proinde
442 1273 517 1334 olam
547 1281 669 1338 omnino
701 1276 878 1340 celebretur.
919 1276 1200 1340 Denuntiationibus

62 1374 120 1453 jam
145 1379 275 1436 tractatis
297 1393 377 1436 nunc
398 1377 549 1458 agendum
569 1382 626 1440 erit
648 1378 685 1440 de
705 1378 943 1442 clandestinitate
974 1383 1119 1442 insensu
1142 1396 1201 1458 po-
1292 1409 1295 1423 ·

62 1481 196 1538 slerlore.

149 1581 337 1644 Matrimonia
354 1583 451 1645 laliler
464 1586 534 1646 inita
551 1582 638 1661 juxta
657 1582 756 1658 plures
774 1583 836 1663 jam
854 1587 923 1644 sunl
944 1582 1047 1644 illloila
1069 1600 1109 1645 ex
1130 1583 1201 1666 lege

63 1685 188 1744 naturali
212 1690 242 1744 et
265 1685 374 1762 divina,
400 1705 434 1748 ac
456 1683 580 1765 proinde
604 1684 679 1746 mala
702 1687 885 1758 intrinsece3
907 1701 1005 1765 neque
1023 1692 1122 1748 tamen
1141 1685 1203 1748 ab·
1305 1711 1308 1714 ·

61 1788 167 1862 solute,
186 1787 239 1848 sed
248 1806 306 1865 per
318 1788 463 1848 accidens
473 1791 611 1848 nimirum
620 1804 659 1848 err
674 1791 789 1850 ratione
805 1787 939 1867 periculi,
957 1785 1038 1868 quod
1051 1787 1201 1850 ordinarie

62 1889 203 1969 adJ'uncla
226 1887 355 1966 habeut,
379 1888 474 1966 unde,
498 1889 566 1950 data
587 1889 755 1952 rationabili
779 1907 885 1966 causa,
909 1895 939 1950 et
960 1889 1108 1969 adjunctis
1131 1907 1203 1970 par·-

63 1991 236 2052 ticularibns
259 1989 466 2066 consideratis,
491 1992 667 2052 naturaliter
690 1991 808 2072 quidem
831 1993 1015 2056 illicitaesse
1038 2011 1098 2055 non
1120 2011 1202 2054 nun-

64 2112 153 2173 quam
178 2098 344 2168 cessarent,
369 2096 425 2154 nisi
449 2093 500 2154 lex
522 2093 724 2156 ecclesiastica
747 2093 889 2168 obstaret,
912 2095 1089 2172 quaelllam
1111 2102 1203 2158 natu-

62 2196 156 2256 ralem
180 2192 396 2274 obligationem
415 2195 477 2274 jam
500 2213 517 2256 a
540 2200 646 2275 priscis
670 2197 852 2275 temporibus
875 2204 971 2279 magis
994 2201 1145 2276 astrinxit,
1170 2201 1203 2258 ut

63 2303 141 2376 patet
165 2315 205 2356 ex
223 2296 292 2376 jure
316 2296 465 2360 Canonico
477 2295 503 2373 ¹)
527 2303 558 2358 et
580 2315 619 2358 ex
641 2299 741 2360 verbis
765 2297 852 2362 Cone.
877 2299 1052 2364 Tridentini.
1096 2299 1204 2362 Sancta

63 2400 116 2460 liei
140 2397 277 2460 Ecclesia
307 2417 346 2460 ex
363 2401 536 2481 justissimis
566 2404 665 2464 causis
694 2401 746 2464 illa
775 2404 978 2480 (matrimonia
1007 2400 1205 2477 clandestina)

63 2521 186 2582 semper
209 2503 355 2564 detestata
378 2509 423 2564 est
445 2509 476 2564 et
498 2501 686 2584 p1·ohibuit²)

150 2606 188 2666 ll.
212 2604 317 2686 Neque
341 2611 450 2679 lamen,
473 2611 609 2685 quamvis
642 2607 716 2670 baec
739 2611 925 2672 matrimonia
953 2621 1071 2684 semper
1094 2603 1206 2667 luerim

64 2709 232 2788 prohibita,
257 2715 326 2772 ante
350 2707 514 2770 Concilium
538 2709 629 2786 Trid,
654 2716 687 2772 ut
708 2710 789 2772 idem
812 2710 976 2774 Concilium
999 2707 1055 2770 sub
1077 2704 1206 2770 anathe-

68 2859 278 2872 -ι--ι--ύ-

136 2945 201 2997 Cum
222 2945 285 2996 baec
302 2945 379 2996 verba
397 2945 492 2996 Summi
505 2944 595 2996 Pontii.
611 2945 769 2996 difficultates
788 2952 933 2995 cantassent
944 2943 1076 3010 Episcopis
1095 2959 1126 2994 ax
1142 2942 1208 3009 legi-

136 3033 186 3084 bus
205 3030 322 3082 civilibus
340 3030 473 3092 bavariae,
491 3029 524 3082 ad
542 3029 603 3082 illud
615 3030 697 3082 Breve
716 3032 847 3082 instructio
865 3030 924 3080 duta
941 3037 980 3080 est
998 3029 1039 3080 12.
1050 3027 1118 3094 Sept
1134 3027 1209 3090 teat,

140 3121 168 3168 in
186 3133 236 3184 qua
255 3116 288 3166 ob
307 3116 401 3181 majora
419 3115 512 3166 damna
530 3118 598 3182 rigor
612 3116 675 3182 legis
694 3116 879 3168 ecclesiasticae
898 3115 1056 3183 aliquatenus
1074 3115 1210 3180 mitigatur,
1241 3155 1245 3164 ,

137 3201 318 3262 concedendo,
341 3201 560 3269 promulgationes
580 3201 702 3263 tolerari,
728 3205 802 3252 etiam
821 3205 846 3251 iu
866 3201 950 3252 taliter
968 3200 1102 3251 contractis
1121 3199 1210 3250 matri-

138 3291 234 3340 moniis
253 3288 348 3349 mixtis,
367 3302 397 3336 ac
412 3287 483 3337 luctis
501 3286 740 3352 proclamationibus
755 3288 849 3338 litteras
868 3301 936 3338 mere
954 3283 1132 3335 testimoniales
1146 3297 1212 3333 con-

138 3375 197 3426 cedi
215 3387 306 3440 postu,
328 3373 355 3422 in
369 3371 480 3440 ¹quibus,
504 3374 525 3422 si
549 3371 646 3422 nullum
669 3373 733 3424 adsit
750 3373 870 3424 dirimens
894 3370 1115 3440 impedimentum,
1140 3369 1222 3438 unica,

138 3463 289 3512 enuntietur
306 3457 365 3518 „mil
381 3465 489 3524 praeter
499 3461 606 3508 uetitum
620 3457 755 3510 Eooleu'oe
773 3460 802 3509 ob
821 3459 1027 3526 impedimentum
1040 3458 1138 3504 miotoe
1149 3452 1215 3503 reli-

138 3549 227 3612 gionis
244 3546 408 3594 matrimonio
426 3544 587 3594 conciliando
605 3544 735 3606 staturas
757 3543 824 3594 uude
843 3551 911 3610 patet
929 3557 959 3594 aa
977 3540 1138 3592 matrimonia
1157 3552 1213 3588 essa

141 3628 323 3699 intelligenda,
349 3643 415 3696 quaa
427 3630 489 3677 'sina
513 3627 701 3694 dispensatione
719 3627 751 3679 da
770 3627 950 3697 impedimento
974 3629 1066 3678 mixtae
1084 3623 1214 3690 religionis

143 3719 295 3767 ineuntur-s*
314 3713 374 3763 Vide
392 3711 522 3763 Eucbirld.
541 3729 567 3779 p.
586 3714 714 3766 tat-³6.

100 3803 122 3868 ¹)
143 3800 209 3853 Cau.
227 3799 298 3852 aliter
318 3799 341 3850 1.
360 3813 415 3851 cau.
429 3797 521 3848 nullus.
539 3799 563 3847 2.
582 3813 638 3850 cau.
652 3807 786 3853 nostrates.
805 3802 829 3852 3.
847 3813 904 3850 cau.
923 3809 1040 3866 sponsat.
1054 3797 1078 3848 b.
1090 3792 1121 3845 X.
1139 3807 1217 3844 causa

144 3889 187 3940 ³0,
206 3893 309 3955 quaest.
328 3886 352 3934 5.

109 3975 132 4039 ²)
152 3973 220 4025 Sess.
239 3974 281 4024 24.
300 3969 332 4020 da
349 3969 449 4021 ralorm.
467 3970 576 4020 matrim.
687 4029 689 4036 Ι

960 4053 1001 4117 5}
