2736 4660
506 249 586 306 cusu·
603 249 810 306 matrimoniales.
1157 229 1220 302 383

170 413 262 492 ltesp.
294 409 337 474 ad
357 409 416 489 it,
447 410 619 490 multiplicis
646 415 760 490 peccati
788 427 858 472 reos
887 425 956 470 esse
983 413 1136 488 parentes,
1168 415 1219 493 qul

26 539 29 542 ·
75 517 211 579 naturali
242 535 276 579 ac
305 513 405 576 diviua
433 514 501 596 lege
539 513 721 594 posthabita,
759 511 957 596 neglectoque
987 517 1147 593 praecepto
1181 515 1219 576 de

75 619 217 681 habenda
241 619 367 680 sollicita
391 635 461 679 cura
476 616 614 692 liliorum,
637 634 703 678 curn
720 635 755 677 ea
779 615 914 676 libertate
937 615 1029 676 solam
1046 617 1220 696 relinquunt

75 721 174 784 liliam
198 739 338 800 sponsam
362 741 429 782 cum
446 723 720 800 spons03'peooaut
743 721 846 782 contra
861 719 1018 800 justitium,
1043 724 1093 800 qui
1108 725 1219 782 tenen-

76 831 129 885 tur
153 843 192 884 ex
215 821 315 886 ollloio
337 823 492 903 impedire,
517 841 584 884 cum
609 827 744 902 possunt,
769 823 877 883 malum
897 823 1051 900 spirituale
1073 821 1218 899 liliorum3

75 932 187 989 contra
211 931 382 1002 caritatem,
416 929 441 987 sl
464 929 543 987 emim
566 928 674 986 caritas
697 926 733 986 ad
760 922 818 985 hoo
840 929 929 1006 urget
951 941 1024 1010 erga
1049 931 1217 1004 proximum

75 1049 305 1110 quemcunque,
333 1029 371 1089 de
394 1029 510 1092 fortiori
534 1034 622 1112 urget
645 1033 783 1107 parentes
806 1043 878 1110 erga
902 1027 994 1102 lilios;
1017 1037 1126 1092 contra
1145 1031 1219 1108 pie·-

75 1139 185 1211 tatem,
210 1137 278 1214 quia
301 1151 340 1192 ex
362 1131 482 1192 vinculo
506 1131 648 1192 naturalis
671 1129 892 1210 conjunctionis
915 1131 965 1192 lex
988 1149 1043 1192 nos
1067 1137 1217 1215 astringit,

76 1245 111 1298 ut
135 1253 227 1298 omne
250 1235 374 1309 malum,
398 1234 477 1315 quod
499 1252 674 1314 possumus,
697 1253 714 1296 a
737 1238 970 1316 consanguineis
1002 1240 1140 1297 avertere
1163 1255 1219 1298 co-

77 1357 204 1412 nemur;
227 1343 331 1400 contra
355 1337 539 1416 fidelitatem,
569 1337 620 1398 filii
644 1353 773 1417 namque
795 1343 865 1398 sunt
885 1341 1009 1420 pignora
1034 1355 1050 1397 a
1074 1337 1139 1401 lleo
1162 1357 1219 1420 pa-

75 1445 201 1502 rentum
224 1439 378 1502 custodiae
400 1439 601 1518 commissa¹).
909 1419 919 1429 ’

553 1629 670 1732 casus
693 1629 753 1693 Lll.

441 1761 555 1840 Oeusa.
579 1778 856 1858 dispensetionis.
906 1748 909 1766 ἶ

167 1937 278 2019 loseph
303 1936 351 1998 del
373 1935 508 2017 Guantu,
532 1943 562 2000 et
584 1939 661 2000 Rosa
685 1939 790 2001 Benini
813 1957 967 2002 recursum
989 1936 1157 2004 habuerunt
1180 1941 1217 2005 ed

78 2059 104 2102 s.
130 2061 229 2102 mem·
244 2041 427 2104 Clementem
446 2041 505 2120 xl,
530 2047 619 2123 eique
641 2047 855 2122 exposuerunt,
881 2043 963 2125 quod
986 2045 1143 2124 capiebam
1166 2051 1217 2108 ina

78 2147 178 2205 vicem
201 2145 458 2208 matrimonialiter
488 2145 639 2225 copulari,
671 2146 726 2207 sed
749 2131 829 2225 quod
850 2145 928 2209 ltosu
952 2146 1051 2209 dotem
1075 2166 1135 2211 non
1159 2147 1217 2213 hu-

80 2245 169 2308 bebat
192 2249 428 2326 competentem,
461 2267 527 2309 oum
551 2267 609 2329 quu
627 2249 713 2330 Juxta
737 2253 782 2312 sui
814 2255 909 2312 status
939 2249 1141 2332 conditionem
1165 2257 1217 2320 iu-

79 2353 186 2410 venire
209 2357 310 2429 posset
332 2355 429 2412 virum
452 2352 508 2414 sibi
531 2369 591 2415 non
615 2357 890 2436 consanguineum,
914 2341 963 2412 rel
986 2351 1117 2432 allinem,
1141 2373 1217 2435 sup·-

79 2451 217 2532 plioando
240 2471 294 2533 pro
317 2454 556 2535 dispensatione3
585 2461 670 2516 erent
692 2459 771 2516 enim
795 2460 882 2518 tertio
905 2461 935 2516 et
957 2461 1064 2536 plano
1087 2475 1104 2520 u
1127 2475 1216 2520 com-

77 2557 159 2616 muni
183 2559 285 2635 stipite
308 2557 450 2639 gradibus
473 2562 602 2620 invicem
632 2560 803 2641 conjuncti,
835 2577 963 2642 cumque
985 2558 1133 2623 Sanctitas
1156 2560 1215 2624 Sua

78 2658 190 2720 litteras
200 2657 389 2740 Apostolioas
412 2660 645 2742 dispensationis
668 2666 808 2724 intortio
831 2667 989 2744 alquanto
1013 2661 1107 2746 gradu
1130 2663 1215 2725 dire-

81 2769 159 2825 xerit
179 2763 298 2826 Vicario
317 2763 454 2827 Generuli
470 2765 606 2847 Episcop.
630 2765 746 2828 Praten.
770 2783 837 2827 cum
860 2765 945 2828 solita
969 2767 1110 2846 clausula,
1134 2765 1215 2848 quod

81 2868 118 2928 de
141 2872 286 2949 expositis
308 2867 431 2930 deberet
453 2887 487 2931 se
509 2869 671 2954 diligenter
691 2869 873 2946 inlonmare,
906 2875 935 2929 et
956 2868 1036 2949 quod
1059 2873 1090 2930 in
1113 2867 1216 2950 hypo-

80 2971 168 3051 thesi,
191 2975 221 3032 in
244 2991 301 3053 qua
315 2989 421 3052 preces
443 2977 608 3034 invenisset
630 2977 716 3035 inniti
732 2976 867 3050 veritate,
892 2973 1215 3054 arroteritatedposto-

80 3075 135 3138 lica
158 3076 361 3156 dispensaret;
384 3075 566 3156 dispensatio
590 3076 645 3137 luit
667 3079 838 3137 executioni
862 3076 1010 3156 mandata,
1035 3082 1066 3138 et
1088 3075 1214 3138 subinde

80 3183 264 3240 contractum
276 3182 495 3242 matrimonium
517 3182 597 3240 inter
606 3177 748 3241 Oratores
763 3195 865 3241 coram
878 3179 1008 3260 parocho
1030 3185 1061 3242 et
1077 3179 1212 3258 testibus,

81 3297 135 3342 nec
158 3280 253 3342 deluit
276 3285 503 3360 consummatio,
528 3299 595 3368 cum
618 3281 696 3344 Rosa
719 3299 887 3366 praegnans
909 3281 1016 3346 ellectu
1037 3287 1085 3346 sit.

164 3383 324 3447 Contracta
347 3391 378 3445 et
399 3391 615 3464 consummato,
639 3391 672 3446 ut
694 3384 805 3447 dictum
829 3389 891 3463 est,
924 3390 1113 3448 matrimonio
1135 3389 1215 3447 inter

80 3559 147 3566 ---
155 3559 283 3566 ——-.....‚

145 3648 296 3711 sanguineis
323 3644 476 3713 colloquiunt
504 3643 581 3694 simul
603 3643 702 3704 inearnt,
732 3643 752 3692 sl
776 3639 836 3722 illud
860 3641 995 3710 aliquando
1020 3642 1214 3709 permittendum

147 3730 276 3794 videatur3
295 3729 440 3781 indecorum
459 3746 523 3793 esse,
542 3731 615 3782 simul
633 3727 755 3790 habitare,
774 3731 933 3796 graviterque
952 3729 1109 3795 puniendos,
1128 3731 1148 3778 si
1167 3727 1214 3782 hac

145 3817 178 3869 de
195 3835 224 3869 re
241 3820 361 3868 certiores
379 3817 437 3868 lacti
455 3816 603 3869 luerlmus.“
621 3855 628 3868 .
646 3853 652 3866 .
671 3853 678 3867 .

180 3901 371 3974 lustrffiEccles.
389 3898 518 3954 Benedici.
537 3901 601 3955 itit.
621 3920 644 3970 p.
658 3897 747 3951 'xlvi

107 3991 128 4062 ¹)
148 3989 228 4044 Cusus
247 3989 391 4046 consciens.
409 3989 503 4043 Bened.
522 3987 589 4044 xit.
607 3989 656 4041 vol.
675 3991 699 4041 2.
719 4006 742 4062 p.
763 3985 819 4041 189.
918 4001 921 4008 ⁴
