2736 4660
144 209 209 283 402
621 225 812 286 sominium

145 383 219 448 baec
241 381 380 447 evitanda
402 389 433 446 et
454 401 509 465 pro
531 387 737 464 conscientiae
759 401 831 447 suae
853 389 957 466 quiete
980 383 1146 466 supplicant
1168 382 1283 447 lrumil-

144 489 232 563 llmc,
266 491 300 549 ut
322 485 485 548 Clementia
508 483 615 548 Vestra
648 490 772 570 gratiam
796 486 1028 567 dispensationis
1064 487 1121 550 sibi
1144 489 1283 550 clemen·

146 593 260 653 tissime
282 591 428 670 impertiri
450 587 601 674 dignetur.
646 589 702 652 Pro
726 608 785 671 qua
808 594 903 672 gratia
925 593 982 652 etc.
1006 593 1160 669 ut'supra.

148 792 178 856 r)
196 785 466 863 supplicationis
484 785 635 849 formula
653 797 759 860 super
780 785 1002 846 restitutione
1024 786 1112 862 luris
1138 787 1285 861 petendi

149 873 307 934 &bitum
327 874 470 948 propter
491 873 615 932 votum
638 871 786 945 simplex
809 871 980 932 assumtis
1003 874 1173 934 emissum
1199 875 1285 934 anta

416 988 420 997 ·
571 957 845 1020 mmimcnlum.

231 1101 325 1163 'lltius
356 1103 455 1162 emisit
487 1103 587 1162 uotum
618 1097 746 1178 simplex
776 1102 920 1162 castitatis
952 1105 1132 1179 perpetuae3
1165 1101 1280 1162 exinde

144 1220 219 1265 uero
239 1220 364 1264 uxorem
399 1201 484 1264 duxit
505 1201 542 1264 ad
565 1219 708 1282 praesens
730 1205 882 1263 viventem
917 1206 947 1260 et
974 1207 1147 1264 successive
1171 1207 1281 1265 matri-
1359 1243 1360 1288 3

146 1309 277 1367 monium
299 1307 525 1367 consummavit.
572 1303 645 1367 Cum
667 1307 767 1366 autem
790 1301 828 1364 de
850 1320 923 1365 suae
945 1307 1153 1383 promissionis
1177 1312 1281 1368 nuns-

148 1411 307 1491 gressione
328 1405 487 1486 plurimum
510 1405 620 1482 doleat,
654 1409 684 1465 et
706 1403 745 1468 ob
767 1405 933 1485 periculum
956 1409 1194 1470 incontinentiae
1216 1409 1278 1470 de-

144 1508 237 1571 bitum
262 1498 526 1590 conjugale'llclte
549 1513 675 1590 exigere
697 1524 786 1587 posse
809 1505 975 1584 desideret,
1005 1507 1074 1571 ldeo
1098 1527 1151 1589 pro
1174 1515 1281 1590 quiete

144 1627 218 1673 suae
239 1614 443 1673 conscientiae
465 1609 744 1672 Reverendissimae
766 1609 950 1672 Clementiae
968 1607 1091 1673 Vestrae
1113 1611 1282 1674 humillime

143 1712 288 1793 supplicat
309 1731 362 1794 pro
386 1721 554 1795 opportuno
577 1711 710 1776 remedio
732 1711 970 1792 dispensationis.
1015 1711 1071 1776 l'ro
1093 1731 1150 1794 qua
1168 1719 1279 1798 gratia,

144 1819 199 1878 eto.
224 1821 256 1876 ut
278 1833 376 1897 supra.
1211 1824 1218 1828 “

143 2016 173 2084 8)
191 1983 343 2076 Litterae
361 2015 536 2092 supplices
552 2031 616 2094 pro
624 2014 776 2090 petenda
785 2014 1045 2090 dispensatione
1056 2018 1094 2077 lu
1104 2021 1186 2077 voto
1198 2033 1280 2092 per·

545 2104 673 2176 petuas
689 2101 867 2163 audiatis.

228 2242 489 2305 Reverendissime
511 2247 542 2305 et
564 2242 803 2305 elementissimo
825 2243 860 2306 D.
885 2242 919 2306 D.
943 2199 1106 2326 Episcopel

229 2345 310 2428 Caja,
333 2351 420 2429 virgo
450 2347 540 2424 laica,
575 2333 674 2408 emisit
703 2352 804 2408 votum
839 2347 991 2408 castitatis.
1049 2343 1155 2408 Verum
1184 2365 1279 2427 quum

144 2447 232 2511 modo
254 2447 332 2510 adsit
354 2447 533 2524 (timendum
557 2451 612 2525 sit)
634 2449 798 2530 periculum
820 2451 1066 2527 incontinentiae,
1093 2453 1149 2512 nisi
1172 2449 1279 2530 nubat,

141 2549 420 2612 Reverendissimae
442 2547 625 2612 Clementiae
648 2549 772 2612 Vestrae
795 2567 849 2630 per
870 2568 918 2611 me
940 2547 1107 2612 humillime
1117 2551 1278 2632 supplicat,

143 2657 174 2714 ut
196 2655 393 2733 opportunum
417 2652 647 2732 dispensationis
669 2652 835 2716 remedium
858 2651 915 2715 sibl
938 2653 1106 2716 concedere
1123 2651 1278 2736 dignetur.

142 2753 197 2820 Pro
221 2773 279 2837 qua
301 2754 488 2838 benignitate
511 2759 567 2816 etc.
591 2761 745 2836 utsupra.

141 2957 171 3023 a)
189 2953 401 3030 supplicatio
419 2970 524 3031 super
540 2957 669 3018 amisso
685 2956 762 3031 jnre
779 2955 922 3032 petendi
949 2955 1106 3015 debitum
1131 2957 1278 3030 propter

279 3041 455 3102 occultum
472 3036 653 3116 moestum,
671 3057 752 3101 cum
770 3039 876 3109 affine
894 3041 1129 3101 commissum.

229 3181 443 3263 Sempronius,
475 3200 587 3246 vesana
609 3181 733 3246 libidine
760 3187 869 3262 victus,
899 3199 1037 3246 sororem
1068 3202 1140 3248 suae
1170 3189 1277 3246 uxoris

142 3285 302 3348 carnaliter
324 3289 477 3368 cognovit,
502 3303 537 3346 ac
559 3291 717 3366 propterea
739 3289 837 3348 amisit
856 3286 907 3368 jus
922 3285 1041 3368 petendi
1053 3286 1184 3349 debitum
1195 3303 1275 3350 con-

136 3387 251 3470 jugale.
296 3385 369 3450 Cum
392 3391 492 3452 auum
514 3387 552 3449 de
574 3389 704 3452 libidinis
727 3404 865 3468 excessu,
890 3392 941 3470 qui
961 3389 1099 3454 occultus
1121 3393 1177 3468 est,
1201 3387 1274 3470 plu-

140 3492 249 3554 rimum
272 3490 380 3566 doleat,
402 3489 581 3552 redebitum
604 3490 764 3572 conjugale
787 3491 827 3553 ob
846 3495 1083 3564 incontinentiae
1105 3489 1272 3570 periculum

141 3589 223 3654 licite
245 3598 370 3676 exigere
393 3610 483 3674 posse
505 3591 671 3672 desideret,
701 3607 832 3673 cumque
853 3610 975 3656 ornnem
997 3591 1152 3658 recidendi
1173 3610 1270 3656 occa-

140 3697 256 3756 sionem
279 3697 445 3774 abstulerit,
468 3695 538 3758 ideo
560 3693 711 3758 humiliter
732 3697 824 3776 petit,
855 3701 888 3758 nt
914 3699 1012 3780 gratia
1039 3694 1274 3777 dispensationis

140 3795 197 3864 stbt
219 3797 349 3882 desuper
370 3801 564 3880 impertiatur.
607 3795 665 3861 Pro
688 3815 746 3880 qua
768 3801 867 3881 gratia
890 3803 946 3862 etc.
