2764 4664
183 184 251 259 W
605 197 686 256 Garat
705 197 910 254 matrimoniales

182 361 557 431 mensurandum
574 357 771 436 mahtherm
801 360 861 420 nisi
883 361 999 420 tautum
1024 357 1143 424 civilem
1178 370 1320 433 cauum„

183 470 257 542 tum,
281 468 311 524 et
333 460 455 542 quidem
468 459 687 540 dissolubilem,
710 478 770 523 non
792 459 891 522 solum
913 465 1033 542 propter
1052 461 1245 546 adulterium,
1268 469 1322 532 sad

184 571 274 634 otiam
297 565 337 630 ob
358 565 432 630 alias
455 582 573 644 comas,
594 569 627 625 ut
641 563 766 628 babetur
788 565 877 624 etiam
893 561 972 646 apud
986 561 1131 630 Bellorm.
1155 568 1198 634 Ea
1212 575 1322 654 qnippe

178 661 285 734 'moute
307 667 405 735 sotem
428 665 621 744 contrahere,
643 671 676 730 ut
699 665 811 729 tamdiu
832 669 1052 730 matrimonium
1070 679 1211 750 constet,
1234 693 1322 756 quaro

184 770 236 836 diu
257 769 332 836 alter
361 772 474 855 conjux
501 771 639 834 benere
666 774 796 853 gesserit
824 787 891 831 cum
914 769 1018 834 altero.
1062 772 1145 856 Ergo
1168 794 1209 838 ex
1239 783 1341 856 parte.

185 871 353 938 Christum
375 877 419 936 sic
437 893 502 938 eam
521 876 709 938 contraxisse
723 870 906 935 censendum
930 879 992 950 est;
1013 873 1104 956 idque
1123 883 1217 942 etiam
1236 898 1325 942 com-

185 975 322 1058 probarit
344 983 486 1054 eventus,
521 995 590 1040 cura
612 977 676 1058 jam
711 974 789 1040 facto
822 974 952 1038 divortio
983 978 1071 1041 alteri
1102 979 1153 1044 illa
1186 987 1325 1062 nupserit

185 1076 262 1144 viro.
285 1113 326 1122 —-
350 1129 357 1144 .
382 1128 388 1142 .
414 1125 420 1138 .
445 1127 453 1140 .
477 1079 604 1159 ipsemet
632 1079 762 1142 Joauues
783 1077 938 1141 Antonius
963 1080 1153 1160 peculiariter
1182 1089 1265 1148 circa
1295 1086 1324 1148 id

186 1186 404 1266 interrogabis,
436 1179 567 1244 adhibito
593 1182 766 1262 juramento
799 1182 968 1263 respondit:
1013 1183 1262 1262 „Matrimonium
1293 1193 1325 1250 io

184 1283 313 1348 Somnia
335 1283 438 1346 haberi
461 1301 521 1349 uon
545 1301 598 1364 pro
621 1283 829 1362 Sacramenta,
858 1285 911 1348 sed
934 1303 988 1367 pro
1011 1293 1165 1352 contractu
1187 1289 1325 1356 dissobu-

117 1465 122 1475 ἱ
184 1386 247 1466 bili,
269 1391 299 1450 ot
317 1385 492 1466 frequenter
505 1385 641 1459 dissolvi3
665 1403 758 1464 seque
776 1383 880 1448 itidem
894 1392 927 1450 in
939 1387 1042 1452 cadem
1057 1393 1200 1472 opinione
1217 1393 1323 1469 luisse,

185 1496 215 1554 et
237 1509 304 1556 eum
328 1488 477 1554 Christiua
499 1487 595 1552 solum
627 1487 737 1552 fecisse
758 1494 943 1554 contractum
966 1491 1103 1572 civilem,
1133 1501 1164 1556 ct
1187 1495 1324 1560 dissolu·

185 1593 292 1672 bilem²
326 1595 413 1674 prout
434 1594 466 1654 in
489 1589 618 1654 Saxouia
647 1590 786 1654 contrahi
807 1594 900 1672 solet,
930 1599 961 1654 et
983 1613 1102 1676 semper
1124 1617 1192 1660 curn
1217 1603 1323 1660 inteu-

187 1701 279 1774 tiouc,
302 1702 336 1758 ut
357 1699 382 1758 si
398 1693 543 1756 christina
566 1699 700 1756 renuerit
723 1699 820 1775 ipsum
843 1701 929 1778 sequi
952 1702 1136 1778 inpertiam,
1159 1704 1228 1781 ipsc
1251 1709 1324 1766 tuuc

186 1803 225 1862 slt
253 1800 328 1866 liber
357 1803 387 1862 et
417 1803 589 1861 contractus
621 1796 753 1860 rullus.“
799 1797 882 1872 Quae
912 1800 1046 1880 prolecto
1078 1821 1162 1865 mens
1194 1805 1323 1869 loannis

185 1885 308 1966 hutonit
332 1901 369 1962 de
391 1919 452 1964 nou
480 1897 682 1963 conuehendo
713 1905 901 1964 matrimonio
925 1907 955 1964 in
985 1909 1102 1967 ratione
1124 1905 1322 1983 Sucronensi,
1371 1935 1372 1970 ;

186 2010 278 2076 immo
295 2005 357 2070 'uec
379 2008 468 2067 eiiam
489 2007 522 2064 in
543 2007 659 2066 ratione
684 2009 855 2068 contractus
884 2007 1028 2070 naturalis
1055 2013 1192 2088 perpetui
1216 2015 1247 2070 et
1269 2013 1323 2070 in-

186 2107 386 2186 dissolubilis,
408 2105 526 2170 abunde
549 2122 669 2188 quoque
690 2113 813 2188 apparet
834 2127 873 2170 ex
896 2109 962 2170 aliis
985 2127 1062 2190 quae
1085 2128 1175 2190 supra
1199 2110 1325 2176 fuerunt

186 2215 335 2294 exposita,
355 2229 423 2274 curu
446 2213 546 2272 tamen
564 2209 651 2290 juxta
669 2213 819 2272 veriorem
842 2215 1021 2274 seutentiam
1040 2211 1146 2277 fideles
1169 2217 1324 2296 nequeant
1371 2237 1372 2250 ¹

186 2313 365 2381 contrahere
386 2314 620 2390 matrimonium,
641 2311 721 2392 quod
743 2317 783 2378 sit
805 2329 910 2376 verum
934 2314 1127 2396 validumque
1146 2320 1180 2380 in
1203 2321 1323 2380 ratione

186 2422 371 2497 conuectos,
402 2421 435 2478 et
459 2417 606 2478 rationem
629 2413 816 2478 sacramenti
844 2433 904 2478 aon
933 2415 1055 2498 babeat,
1089 2417 1228 2500 adeoque
1249 2417 1325 2480 illud
1371 2453 1372 2456 =

185 2527 237 2590 aut
265 2519 505 2596 Sacramentum,
537 2522 568 2580 et
594 2517 803 2583 indissolubile
832 2535 900 2580 esse
929 2527 1082 2602 oporteat,
1116 2527 1169 2584 aut
1198 2526 1325 2585 omniuo
1371 2579 1372 2602 p

187 2623 317 2702 nubum,
341 2627 464 2684 uicum
488 2619 587 2682 multis
610 2620 714 2701 probat
735 2620 909 2702 Scbmatzp.
922 2619 947 2698 ¹)
1371 2603 1372 2622 ἢ

270 2724 468 2800 Quamobrem
500 2720 574 2787 rihll
605 2727 696 2788 etiam
728 2723 838 2804 refert,
871 2725 951 2808 quod
988 2727 1240 2808 praesumendum
1273 2731 1320 2804 sit,

187 2829 298 2897 uadum
320 2826 515 2900 camorana,
537 2825 592 2889 sed
614 2830 713 2906 ipsum
734 2829 824 2890 etiam
845 2823 1028 2892 haereticum
1052 2827 1192 2894 habuisse
1216 2834 1320 2892 inteu-

187 2939 299 3000 tiouem
326 2927 521 3022 contrahendi
543 2932 763 2995 matrimonium
786 2929 916 2997 validum
944 2935 975 2992 et
1003 2930 1241 2996 indissolubile.
1269 2977 1276 2992 .
1300 2952 1324 3011 ,3

188 3037 423 3124 praesumptioni
445 3036 526 3096 enim
549 3031 633 3096 locus
655 3049 723 3096 asse
746 3051 805 3096 non
819 3038 934 3115 potest,
959 3034 1007 3096 ubi
1031 3040 1091 3098 tum
1116 3054 1155 3097 ex
1171 3037 1325 3098 communi

188 3141 323 3224 regionis
345 3153 444 3214 more,
473 3140 537 3198 turn
560 3152 599 3196 aa
621 3133 700 3198 lacto
723 3136 877 3216 mulieris,
898 3143 959 3198 tum
983 3155 1025 3200 ex
1040 3137 1143 3218 jurata
1162 3155 1326 3200 assevera-

188 3245 269 3309 tione
300 3243 394 3323 ipsios
421 3241 477 3300 viri
510 3235 665 3300 deducitur
692 3241 888 3302 intentionem
920 3239 1110 3303 solubilitatis
1141 3242 1327 3304 matrimonii

188 3344 325 3413 affecisse
348 3348 379 3404 et
400 3341 578 3410 informasse
601 3344 804 3420 contractum,
827 3347 911 3424 quasi
935 3359 989 3424 per
1011 3341 1231 3420 cruditionem,
1262 3347 1327 3406 sine

188 3467 248 3530 wia
268 3464 330 3516 aon
352 3445 459 3512 luisset
478 3447 572 3510 irritus
595 3447 781 3523 contractus,
806 3450 839 3506 ut
861 3443 1019 3510 admittunt
1042 3446 1152 3524 dohet,
1175 3447 1327 3522 mosa,

188 3550 274 3616 Pons.
297 3583 341 3596 «-
362 3546 550 3628 Proindeque
578 3549 609 3610 ia
632 3544 678 3608 his
705 3551 842 3612 terminis
869 3535 996 3614 dubitari
1024 3552 1115 3614 etiam
1137 3551 1258 3630 potest,
1288 3567 1327 3612 au

187 3654 287 3718 locum
309 3650 366 3716 sihi
388 3649 522 3713 vindicet
543 3648 591 3727 id,
621 3648 702 3730 quod
724 3654 806 3714 reete
828 3651 961 3736 abequin
982 3655 1024 3716 ait
1045 3651 1201 3716 Emerui.
1223 3649 1329 3734 Petra,

186 3775 298 3844 nempe
311 3751 509 3846 *portantum
532 3750 570 3818 de
586 3748 761 3836 hujusmodi
776 3758 974 3826 matrirnouits
995 3773 1064 3820 esse
1081 3772 1146 3820 uoo
1156 3753 1326 3822 secuudum

189 3909 395 3926 *ιαμ-ὑ

216 3979 239 4048 ¹)
255 3978 316 4035 vido
333 3981 359 4046 5.
375 3979 400 4030 7.
418 3981 514 4045 quaest.
533 3973 557 4026 l.
