2746 4646
327 219 365 272 as
390 217 577 288 manumme-
594 216 789 288 usserman
804 219 832 270 a
849 219 942 286 mea.
1164 202 1206 270 ii

63 376 136 440 nibil
165 378 294 458 probant
317 378 397 440 ultra
427 377 560 440 debitum
588 379 707 456 pietatis
730 379 761 438 ia
788 376 857 438 iliis
886 394 959 460 erga
987 381 1144 456 parentes,
1176 382 1207 438 et

62 481 280 563 obligationem
298 485 464 559 parentum,
482 497 520 540 ne
535 477 613 542 stim
630 483 660 540 in
678 478 733 542 hac
748 483 872 561 negotio
891 480 1055 562 negligant.
1076 477 1206 542 Econtra

61 589 91 645 in
117 585 188 664 jure
220 583 425 644 ecclesiastico
453 584 542 642 etiam
573 579 628 644 bac
658 585 687 642 in
719 597 752 644 re
781 581 956 661 praevalere
982 581 1101 644 ridetur
1130 586 1206 646 ratio

63 687 208 748 libertatis
238 688 433 758 matrimonii3
464 688 560 766 magis
589 687 668 744 enlm
698 688 823 746 laterest
852 685 956 748 saltem
984 689 1207 750 communitate

63 795 96 852 ut
119 792 309 852 matrimonia
329 791 391 850 sint
413 787 501 866 piene
524 786 629 864 libera,
642 789 683 846 'et
705 804 744 848 ex
758 789 879 868 proprio
897 786 1006 850 allecta
1023 788 1207 852 contraban-

63 899 136 956 tium
160 893 396 974 conjunguntur,
421 907 509 969 quam
534 895 567 949 ut
589 907 709 968 semper
731 893 868 971 rigorose
891 896 1047 970 parantum
1070 892 1207 956 voluntas

63 996 238 1075 impleatur,
271 999 322 1074 qui
345 992 478 1072 alioquin
501 995 532 1052 in
556 991 696 1052 damnum
726 996 948 1054 connnunitatts
971 993 1145 1074 frequenter
1167 1013 1206 1058 ex

61 1097 209 1160 allectatis
231 1095 435 1176 praetextibus
459 1098 648 1156 matrimonia
670 1093 858 1172 impedirent.
907 1096 1124 1176 Contemplatio
1148 1116 1207 1178 pu·-
1306 1125 1308 1133 s

61 1200 160 1262 blicae
183 1199 317 1262 utilitatis
340 1201 522 1277 privatorum
546 1196 713 1259 commodis
735 1198 893 1276 protertur.
925 1198 954 1260 Si
978 1198 1144 1278 objiciatur,
1169 1200 1205 1262 ad

61 1320 182 1364 omnem
203 1305 392 1363 contractum
416 1303 528 1379 requiri
552 1317 730 1362 consensum
753 1301 836 1379 cius,
865 1301 950 1382 cujtrs
978 1305 1122 1379 interest,
1153 1321 1206 1364 re-

60 1404 258 1485 spondemus,
281 1401 339 1464 hoc
354 1401 569 1464 admittendum
588 1419 667 1480 esse,
691 1402 810 1482 quando
833 1407 958 1466 interest
976 1423 1014 1466 ax
1032 1405 1102 1485 jure
1117 1409 1206 1488 rigu-

60 1525 150 1581 roso,
181 1511 230 1568 cui
253 1507 345 1568 altera
368 1523 407 1566 cx
430 1509 513 1584 parte
535 1499 698 1584 respondet
720 1504 851 1566 debitum
877 1508 1031 1586 justitiae,
1060 1507 1109 1569 hie
1131 1525 1204 1570 voro

62 1616 176 1672 tanturn
191 1607 324 1670 debitum
341 1611 459 1687 pietatis
478 1613 508 1668 et
525 1612 713 1668 reverentiae
733 1611 880 1690 astringit.
895 1609 1017 1682 ')·Hinc
1040 1611 1203 1676 adhaerere

60 1714 130 1774 licet
155 1713 323 1774 sententiae
339 1709 474 1772 instruct.
491 1714 565 1789 past.
579 1709 717 1790 Eystett,
741 1727 818 1788 quae
841 1711 944 1774 docet:
970 1713 1111 1790 „tiaran
1133 1720 1206 1796 qai-

62 1815 131 1876 dam
147 1820 289 1894 potemnt
308 1816 478 1892 (parentes)
497 1811 574 1874 libas
591 1829 673 1890 suos,
697 1816 730 1874 ut
745 1832 761 1876 a
777 1819 987 1894 matrimoniis,
1012 1837 1089 1898 quae
1107 1824 1205 1881 minus

59 1921 134 1996 ipsis
158 1915 290 1996 prolicua
310 1915 374 1978 lorc
389 1915 612 1994 praevidentur,
632 1915 794 2000 desistant,
817 1920 965 2000 impedire
984 1928 1086 1984 antem
1100 1924 1205 1984 awti-

58 2038 154 2100 qnam
172 2025 317 2098 possam.
330 2014 357 2092 ²)

89 2275 111 2339 ¹)
130 2271 246 2322 Eoelthn.
267 2271 283 2323 l.
301 2263 324 2321 ἓ.
342 2285 370 2319 n.
389 2271 431 2320 65.

87 2361 110 2423 ²)
129 2358 247 2408 instruct.
266 2363 331 2424 past.
350 2355 419 2420 Eyst.
440 2369 463 2419 p.
482 2355 545 2406 278:
577 2353 648 2416 „Nec
672 2354 703 2406 de
726 2355 784 2420 jure
807 2359 929 2410 canonico
953 2361 1072 2429 antiquo,
1099 2377 1146 2413 nee
1171 2362 1203 2415 de

130 2460 198 2495 novo
224 2443 255 2494 ad
279 2441 392 2494 valorem
420 2441 636 2492 matrimoniorum
663 2443 717 2494 rive
742 2443 902 2510 sponsalium
927 2447 1035 2512 exigitur
1063 2463 1202 2500 oonssmr

131 2533 291 2596 parentum.“
310 2525 420 2577 Cherub.
441 2524 511 2590 ttepr
529 2525 572 2577 lib.
591 2529 615 2576 t.
636 2529 670 2576 tit.
691 2527 713 2578 i.
734 2545 757 2579 u.
780 2529 827 2579 134
845 2528 912 2594 apud
931 2529 1029 2598 linopp.
1049 2549 1072 2598 p.
1092 2534 1150 2586 ³45.
1169 2563 1203 2572 —

128 2614 230 2666 Ferrari
248 2613 367 2679 Prompta
386 2610 498 2662 biblioth.
517 2611 657 2684 spernentia.
676 2629 700 2663 n.
720 2614 761 2664 25.
781 2613 805 2663 S.
818 2612 869 2682 big.
888 2613 918 2668 ll.
931 2615 959 2666 Α.
982 2624 1052 2668 tract.
1068 2617 1106 2668 ts.
1125 2635 1149 2670 n.
1164 2619 1203 2671 l0.

129 2699 292 2762 „Notandum
311 2695 437 2766 sponsalia
455 2699 515 2747 inita
535 2713 549 2746 a
568 2697 635 2760 liliis,
654 2700 738 2748 insciis
758 2699 912 2766 parentibus,
932 2709 999 2752 certa
1018 2718 1074 2754 esse
1092 2704 1203 2756 valida.‘''

128 2814 163 2822 --
182 2785 209 2836 ln
227 2784 312 2837 Galliis
329 2783 443 2834 delectus
461 2784 599 2834 consensis
619 2792 749 2850 pareutum
768 2800 819 2836 non
839 2786 913 2838 modo
927 2787 1133 2855 impedimentum
1152 2793 1201 2840 iar-

129 2872 248 2937 pedr'ens,
273 2868 317 2919 sad
335 2870 459 2920 dirimens
477 2867 617 2936 habebatur
635 2876 739 2936 propter
758 2869 826 2938 leges
844 2871 948 2935 civiles,
967 2875 1025 2924 talia
1044 2877 1203 2928 matrimonia

130 2958 287 3006 strictissime
312 2953 480 3022 prohibentes.
517 2953 581 3004 ilinc
599 2952 740 3022 Episcopus
758 2953 931 3017 Quebecensis
955 2961 980 3008 in
1000 2958 1118 3024 carrada,
1142 2962 1200 3013 olim

132 3041 269 3094 Galliarum
293 3041 407 3101 colonia,
432 3040 463 3091 ad
487 3040 512 3092 S.
538 3039 566 3091 C.
591 3040 622 3090 dc
648 3031 724 3108 prop.⁸
742 3039 803 3090 Fide
827 3047 999 3110 quaestionem
1023 3046 1112 3098 detulit
1134 3064 1202 3100 anno

135 3128 211 3189 1835,
230 3131 262 3178 sit
280 3143 312 3177 ne
330 3125 442 3177 validum
463 3127 649 3176 matrimonium
668 3142 683 3176 a
701 3125 799 3176 duobus
819 3124 963 3192 Catholicis,
984 3139 1044 3182 natu
1064 3132 1201 3184 minoribus

133 3203 272 3264 secundum
291 3213 384 3264 formas
403 3211 435 3262 ah
453 3210 567 3262 Ecclesia
588 3213 753 3278 praescriptas
772 3221 935 3278 contractum,
954 3217 998 3266 sed
1017 3225 1100 3270 tannen
1119 3221 1201 3270 invitis

133 3295 299 3365 parentibus?
327 3297 352 3350 S.
371 3296 399 3349 G.
417 3295 445 3348 C.
464 3295 601 3364 respondet
620 3295 829 3362 ‚marmorea
854 3316 900 3351 nec
919 3306 985 3354 enim
1009 3303 1136 3355 dissensus
1156 3322 1203 3372 pa-

131 3391 241 3446 rantum,
259 3391 301 3434 aut
320 3391 388 3434 aetas
406 3385 488 3434 minor
507 3385 572 3433 inter
591 3381 770 3449 impedimenta
789 3387 974 3439 matrimonium
993 3389 1133 3442 diriruentia
1153 3391 1203 3442 ullo

131 3477 237 3536 possunt
261 3467 336 3518 modo
360 3471 453 3522 nostris
476 3467 545 3520 bisce
568 3468 723 3536 temporibus
745 3485 887 3522 recensere.
923 3472 1002 3543 Leges
1021 3473 1160 3528 Caesareae
1178 3485 1204 3528 et

126 3554 200 3618 jussa
219 3555 375 3620 principum,
399 3557 539 3606 constantiae
557 3554 680 3606 adversae
699 3555 828 3617 inventes,
855 3566 899 3608 ant
921 3559 952 3610 de
971 3561 1087 3612 civilibus
1107 3570 1202 3612 mnium

132 3637 262 3690 effectibus
277 3647 336 3689 sunt
354 3639 567 3709 intelligenda...
584 3646 627 3690 aut
645 3654 703 3690 cum
722 3639 747 3690 id
765 3649 887 3706 statuant,
905 3644 971 3712 quod
984 3643 1075 3697 limites
1090 3656 1203 3712 praeter·

132 3723 247 3792 graditur
270 3725 407 3776 saecularis
426 3727 568 3792 potestatis,
591 3732 650 3774 sunt
671 3726 775 3776 omnino
799 3726 943 3790 rejicienda.
981 3728 1113 3796 Circaea,
1136 3750 1202 3800 quae

133 3809 164 3860 ad
183 3811 306 3860 rationem
325 3811 452 3875 pertineat
468 3810 696 3874 Sacramentorum,
714 3826 764 3862 non
783 3813 938 3881 principibus
957 3816 1139 3881 saecularibus,
1157 3819 1202 3870 sed

134 3895 181 3946 soli
199 3892 331 3945 Ecclesiae
349 3902 376 3945 ut
395 3894 470 3962 plena
489 3895 623 3947 deliniendi
643 3904 760 3962 potestas.
770 3896 839 3950 -S.
852 3897 879 3950 C.
894 3899 954 3968 Sup.
968 3911 992 3954 et
1005 3902 1078 3956 Univ.
1090 3903 1202 3973 inquisit.

134 3981 175 4034 tr.
193 3979 317 4032 Novemb.
337 3979 411 4032 18³5.
