2746 4646
167 240 228 307 116
355 227 359 232 ¹
392 260 432 312 lte
447 261 632 328 impedimentis
657 264 841 316 matrimonium
866 263 1051 318 dirimentibus.

251 418 420 494 omanem
441 417 501 496 4⁰),
524 421 674 503 mornado
696 421 876 485 dissolvatur
897 425 1120 486 matrimonium
1143 427 1175 485 in
1199 425 1316 488 infide·

163 522 248 590 litate
268 528 452 588 contractum
481 529 511 585 et
532 530 770 588 consummatum
795 541 849 606 per
870 531 1101 594 couversionem
1132 527 1313 590 alterutrius

111 657 112 662 ¹
163 632 300 714 conjugis
321 629 358 690 ad
380 624 468 688 iidem
492 626 714 691 Christianam?

250 743 282 816 tp.
310 732 352 809 1).
398 731 518 793 Certum
546 739 608 807 est,
643 731 702 792 tale
731 732 905 816 conjugium
928 736 961 794 in
989 732 1047 795 boc
1077 751 1150 798 casu
1181 733 1310 798 dissolvi

163 856 267 920 posse,
290 843 324 900 ut
345 837 489 911 diximus,
515 835 685 914 etquidem
716 855 757 898 ec
782 837 948 916 pricilepio
970 840 1003 898 ta
1024 837 1100 914 fidei
1119 835 1265 914 [cocum
1287 859 1307 900 a

164 942 286 1004 strato
307 941 437 1002 Domim
458 957 604 1000 concesso
626 945 656 1000 et
674 959 732 1019 per
754 939 938 1020 Apostolum
951 937 1086 1002 cautum.
1104 942 1121 1002 1
1140 941 1212 1004 Gor.
1237 962 1266 1006 c.
1279 942 1307 1004 7.

162 1064 192 1107 a.
225 1045 278 1106 15.
305 1044 502 1124 promolpotc
514 1039 547 1118 ¹).
600 1043 643 1118 2).
667 1042 774 1124 Neque
806 1050 905 1105 tamen
938 1049 1089 1128 integrum
1130 1051 1177 1107 est
1227 1064 1308 1108 con-

158 1149 225 1231 jugi
253 1163 401 1210 converso
431 1149 558 1208 transire
586 1145 623 1206 ad
654 1146 711 1207 alia
734 1151 818 1221 vota,
850 1150 1023 1229 priusquam
1046 1147 1176 1210 infidelis
1200 1153 1304 1211 iuter-

161 1250 303 1332 pellatus,
332 1255 383 1312 aut
411 1247 545 1310 absolute
574 1254 758 1310 recusaverit
780 1267 848 1311 cum
876 1267 914 1312 eo
936 1250 1124 1317 cohabitare.
1157 1258 1211 1312 aut
1232 1256 1305 1314 ani-

162 1371 241 1416 mum
265 1354 322 1416 sibi
345 1368 414 1414 osse
435 1351 610 1432 ostenderit,
632 1369 700 1412 cum
722 1353 775 1413 illo
796 1354 917 1432 quidem
935 1354 1136 1430 cohabitandi,
1160 1353 1216 1416 sed
1239 1373 1301 1416 non

161 1462 227 1520 siue
249 1454 399 1518 Creatoris
425 1455 621 1533 contumelia,
649 1459 668 1518 i.
692 1473 720 1518 e.
743 1473 804 1520 non
833 1461 900 1519 sine
930 1458 1064 1536 periculo
1092 1456 1304 1519 subversionis

161 1563 300 1646 conjugis
328 1561 441 1639 fidelis,
470 1557 519 1620 vel
549 1576 608 1620 uon
637 1562 704 1620 sine
734 1563 928 1622 execratione
957 1563 1138 1622 sanctissimi
1170 1563 1303 1622 nominis

161 1663 279 1742 Christi,
302 1671 333 1725 et
348 1663 532 1726 Christianae
554 1661 710 1744 religionis
732 1661 937 1742 despicientia.
971 1662 1016 1738 3).
1041 1661 1166 1734 Quando
1184 1668 1299 1740 evenit,

159 1767 319 1850 conjugem
342 1765 493 1828 infidelem
516 1769 547 1827 iu
571 1764 750 1848 longinquas
772 1766 882 1828 abiisse
903 1755 1064 1849 regiones,
1088 1771 1140 1828 aut
1162 1770 1204 1826 ita
1227 1765 1302 1826 lati-

160 1875 234 1949 tare,
258 1876 291 1932 ut
318 1867 501 1949 interpellari
525 1873 668 1948 nequeat,
703 1873 775 1930 tone
798 1868 965 1948 dubitatur,
994 1887 1033 1930 an
1056 1869 1301 1949 interpellatione

158 1977 285 2052 omissa,
308 1971 354 2035 ias
376 1977 415 2034 sit
436 1987 583 2034 converso
605 1970 677 2032 allas
706 1975 785 2033 inire
809 1977 940 2052 nuptias3
969 1970 1118 2034 aliirmant
1141 1972 1281 2052 plerique
1288 1992 1298 2046 ;

159 2079 208 2141 alii
238 2095 277 2140 ex
308 2076 434 2138 adverso
464 2079 496 2136 in
519 2091 557 2135 eo
579 2089 679 2135 rerum
702 2080 784 2138 statu
806 2079 1007 2137 necessariam
1031 2080 1135 2154 putant
1165 2073 1297 2154 dispen-

158 2184 305 2244 sationem
333 2183 442 2244 summi
473 2176 640 2255 Pantilius,
672 2180 758 2260 cujus
785 2183 833 2241 est
861 2179 1028 2254 declarare,
1053 2182 1085 2240 in
1113 2177 1295 2258 quibusnam

156 2287 387 2348 circumstantiis
409 2283 526 2344 desinat
555 2279 690 2364 obligare
713 2288 905 2362 praeceptum
934 2281 1084 2358 divinum,
1114 2299 1175 2360 quo
1203 2297 1298 2360 prae-

157 2387 235 2450 dicta
257 2386 457 2468 interpellatio
472 2389 542 2448 ante
564 2387 777 2447 rescissionem
790 2387 970 2447 matrimonii
984 2383 1103 2446 videtur
1113 2385 1249 2463 injuncta
1259 2380 1297 2457 ²).

223 2681 291 2734 aium
309 2686 392 2732 ratum
410 2673 584 2739 efficiendum,
610 2690 641 2728 aa
654 2676 766 2744 proinde
782 2677 935 2733 connubium
961 2675 1042 2729 taliter
1066 2676 1154 2747 initum
1179 2673 1295 2726 nondam

223 2775 288 2820 esset
310 2762 421 2817 validum
445 2763 647 2825 matrimonium,
672 2763 738 2830 quod
762 2764 892 2816 induceret
914 2761 1060 2814 ullomodo
1082 2742 1293 2828 impedimentum

221 2852 349 2922 ligaminis
373 2845 443 2914 (vide
467 2846 499 2898 de
526 2845 705 2914 impedimento
730 2847 902 2914 conditionis).
938 2847 1063 2899 Gonualeu
1080 2845 1163 2898 Tellez
1199 2845 1243 2898 lib.
1269 2847 1293 2898 3.

222 2939 252 2989 tit
278 2937 318 2988 32.
336 2953 361 3003 p.
377 2935 439 2986 682.
1113 2924 1129 2933 “’

181 3023 203 3088 ¹)
221 3021 277 3074 lton
304 3022 410 3073 solvitur
432 3021 481 3072 tale
503 3020 689 3074 matrimonium
713 3035 744 3070 ex
763 3019 822 3086 jure
839 3017 982 3086 Pontificio3
1006 3020 1195 3071 matrimonium
1218 3021 1293 3072 ‘enim

221 3115 420 3160 consumatum
444 3121 496 3158 non
514 3113 596 3172 potest
616 3103 779 3192 jurptcntii.
798 3107 879 3170 solvi,
896 3109 1011 3180 maravia
1030 3109 1055 3158 is
1075 3105 1226 3158 infidelitate
1242 3107 1293 3158 ini-

220 3203 273 3248 tum
292 3195 333 3256 sit,
351 3193 439 3244 saltem
457 3191 514 3260 lege
532 3191 656 3262 generali5
675 3191 721 3244 sed
732 3190 875 3248 dissolvitur
893 3210 924 3249 ex
939 3193 1078 3262 privilepa'o
1097 3190 1202 3253 Christi,
1220 3190 1247 3241 id
1264 3194 1290 3242 iu

174 3333 180 3352 ,
221 3280 280 3332 fidei
299 3280 410 3332 favorem
429 3277 606 3341 concedentis,
630 3277 695 3346 quod
715 3279 871 3348 privilegium
891 3279 916 3330 d.
934 3279 1039 3338 Paulus,
1060 3277 1119 3330 Cor.
1137 3281 1162 3328 7.
1183 3277 1225 3329 15.
1244 3294 1291 3328 ex-

219 3367 307 3436 plicuit
324 3369 349 3418 in
367 3363 452 3417 verbis
470 3363 599 3432 allegatis,
621 3367 662 3413 a'ta
679 3364 710 3414 ab
729 3364 851 3416 Ecclesia
876 3365 1080 3416 intellectis..'..
1103 3363 1186 3428 Hujus
1205 3372 1291 3416 autem

219 3455 345 3526 privilegii
362 3452 426 3506 ratio
444 3449 490 3502 luit
507 3449 540 3500 ob
556 3452 747 3513 necessitatem,
773 3467 822 3520 qua
840 3452 985 3519 astringitur
1003 3449 1082 3504 tidelis
1109 3447 1141 3499 ad
1160 3447 1291 3499 vitandam

219 3541 431 3596 cohabitationem
455 3542 568 3610 conjugis
591 3539 697 3592 infidelis
720 3540 746 3588 in
775 3537 814 3587 his
838 3535 976 3588 eventibus¹
995 3540 1020 3587 et
1041 3533 1099 3586 ideo
1123 3531 1242 3585 Christus
1264 3535 1290 3583 in

216 3629 332 3694 [acorem
347 3632 411 3694 fidet·
432 3631 550 3689 instituit,
574 3627 698 3696 integrum
727 3639 783 3678 esse
805 3631 866 3674 tunc
883 3621 964 3684 fideli,
988 3619 1139 3692 matrimonii
1158 3619 1290 3670 vinculum

218 3715 364 3768 dissolvere.
401 3715 437 3766 lta
455 3713 569 3766 Sanchez
587 3729 643 3765 cum
663 3713 777 3782 plurimis
795 3711 837 3762 lib.
857 3712 880 3760 7.
899 3707 964 3776 disp.
983 3707 1024 3758 74.
1069 3699 1083 3718 ”

176 3801 198 3868 ²)
216 3801 336 3854 Benedici
353 3800 418 3852 xiv,
443 3799 533 3868 synod.
560 3799 639 3851 dioec.
658 3799 700 3850 lib.
725 3801 749 3851 6.
768 3815 789 3848 c.
806 3798 831 3848 4.
849 3813 875 3846 n.
898 3795 922 3846 3.
958 3793 1041 3859 „Huic
1063 3792 1198 3856 posteriori
1225 3807 1288 3842 sen·
1367 3847 1368 3852 Ἰ

217 3890 311 3938 tentiae
328 3889 354 3938 ia
373 3883 482 3956 quadam
501 3901 577 3938 causa
592 3885 755 3949 Florentino,
771 3883 884 3934 discussa
905 3881 944 3932 17.
953 3879 1064 3930 ianuarii
1082 3877 1166 3938 1722,
1190 3876 1289 3928 adbae-
1312 3901 1319 3914 ·

217 3975 249 4026 sit
266 3989 286 4024 s.
300 3969 469 4042 congregatio
488 3969 580 4037 Cone,
604 3971 676 4038 cujus
696 3969 793 4038 judicio
816 3981 862 4018 nos
887 3967 970 4016 omnia
989 3961 1142 4028 subjecimus
1161 3965 1287 4015 rationum

219 4063 356 4122 momenta,
374 4073 440 4126 quae
458 4074 473 4110 a
489 4057 668 4110 dissidentibus
685 4059 751 4108 inter
769 4070 797 4107 se
810 4051 961 4105 Doctoribus
985 4053 1011 4102 in
1036 4057 1174 4119 utramque
1192 4058 1291 4118 partem
