2764 4664
154 113 218 183 202
517 133 556 184 lle
572 131 748 184 liciebralione
760 130 936 198 ‘haperne'

152 295 283 371 peecata
301 288 462 370 diligenter
489 289 688 352 confiteantur
717 292 747 348 et
777 267 814 348 ad
841 291 1064 350 molissimum
1086 287 1295 353 Eucharistiae

132 393 377 466 ‚sacamentum
410 397 459 472 pie
480 393 644 454 accedant“
658 391 697 467 ¹¹).
742 389 823 452 llaec
845 390 937 454 verba
960 390 1085 454 Consilii
1107 391 1294 472 probabilius

153 513 209 577 per
230 511 265 558 se
287 495 502 558 noninlerunt
531 500 664 558 strictam
687 494 919 575 obligationem,
954 496 1023 572 qnia
1045 493 1126 558 aliud
1149 500 1195 556 est
1217 493 1295 556 hor-

154 602 227 677 tari,
248 597 329 660 aliud
353 603 526 677 praecipere
555 614 610 660 seu
633 596 790 671 nrandare;
822 615 857 658 ac
881 595 1006 674 proinde
1030 595 1178 674 parochus
1202 615 1295 676 prae-

154 703 217 784 ciae
239 705 269 762 vt
291 699 379 782 hujus
402 699 534 777 Decreti,
559 703 615 762 nisi
640 701 688 760 tex
710 717 764 760 seu
788 703 980 778 praeceptum
1004 699 1185 777 particulare
1208 703 1295 778 epis-

154 807 224 887 copi
243 801 316 867 illud
339 807 464 876 statum,
499 819 558 864 non
582 807 678 882 potest
701 801 836 862 absolute
859 805 1003 882 exigere,
1033 805 1064 862 ut
1081 807 1295 882 'praemittatur

154 905 304 974 malassis
328 908 451 984 nuptiis,
474 905 522 967 vel
545 911 577 966 ut
594 907 795 969 testimonium
811 909 951 983 peractae
974 900 1174 968 confessionis
1190 911 1295 985 sponsi

154 1005 370 1084 exbibeanl2),
399 1006 452 1069 sed
474 1007 619 1072 satisfacit
641 1007 819 1089 obligationi
842 1007 898 1068 sibi
930 1023 947 1068 a
970 1006 1104 1070 Concilio
1127 1009 1294 1088 injunctae,

154 1111 304 1184 mano
324 1125 469 1189 sponsos,
493 1117 523 1172 ut
548 1110 710 1192 diligenter
731 1108 930 1174 confiteantur
953 1115 1072 1188 peccata
1096 1129 1162 1172 sua.

160 1231 165 1284 3
241 1211 275 1276 ll.
300 1211 383 1276 liene
409 1219 506 1275 tamen
536 1212 834 1278 animadvertendum
858 1219 919 1286 est,
950 1229 1078 1290 sponsos
1107 1211 1145 1274 ad
1167 1212 1295 1274 confes-

156 1319 275 1388 sionem
297 1315 552 1396 praemittendam,
578 1323 623 1392 (et
647 1320 757 1396 pariter
771 1313 933 1395 parochuna
955 1313 992 1376 ad
1015 1333 1081 1378 eam
1104 1316 1202 1378 abiis
1225 1319 1296 1376 exi-

55 1419 58 1428 '
154 1418 298 1502 gendum)
327 1419 503 1500 plerumque
526 1421 617 1482 multo
647 1423 772 1502 gravius
802 1421 897 1480 teneri
929 1437 968 1478 ex
1001 1418 1066 1496 Iope
1093 1420 1295 1492 naturalius

154 1521 278 1596 divino,
309 1526 485 1602 inquantum
519 1524 634 1584 scilicet
664 1524 883 1584 inatrimoniurn
914 1527 960 1582 cst
992 1539 1083 1582 unum
1115 1539 1154 1580 ex
1182 1519 1295 1584 Sacra-

154 1629 263 1693 menlis
284 1626 434 1703 civeram,
459 1625 595 1705 adquae
619 1627 699 1688 licite
730 1631 760 1685 et
784 1625 938 1686 fructuose
970 1623 1142 1703 recipienda
1165 1641 1204 1684 ex
1222 1624 1297 1704 jure

153 1733 308 1808 superiore
331 1732 564 1808 praerequiritur
586 1735 680 1790 status
703 1732 837 1810 gratiae,
862 1731 931 1808 qui,
956 1730 1092 1806 quamvis
1115 1743 1168 1805 per
1193 1731 1295 1788 acturn

153 1833 342 1904 contritionis
370 1830 522 1910 perfectae
550 1831 685 1894 absolute
718 1830 884 1910 loquendo,
919 1833 1071 1907 procurari
1094 1833 1205 1908 possit,
1237 1827 1296 1892 hec

153 1937 254 2005 tantm
278 1933 366 1996 rnodo
388 1936 442 1994 vix
470 1951 598 2013 unquam
629 1934 666 2007 ab
689 1939 727 1996 iis
756 1951 844 2014 posse
876 1936 1047 2012 recuperari
1071 1931 1207 2008 videtur,
1230 1935 1292 2012 qui,

154 2039 270 2116 copiam
286 2035 469 2098 confessarii
483 2033 627 2098 hahentes
643 2053 759 2098 necnon
775 2036 916 2100 admoniti
941 2035 977 2096 ab
988 2033 1144 2096 Ecclesiae
1157 2039 1294 2098 ministro

154 2139 191 2208 llll
231 2138 452 2204 conecterem
486 2155 566 2200 nunc
601 2139 822 2222 peragendam,
861 2143 978 2200 temere
1006 2137 1075 2198 huic
1098 2135 1294 2200 admonitioni

154 2245 313 2320 reddunt,
344 2240 492 2322 siquidem
515 2245 656 2304 contritio
679 2241 811 2320 perfecta
828 2259 893 2310 ,non
918 2243 1040 2300 remittit
1062 2245 1184 2317 peccata
1208 2259 1295 2304 rnor-

153 2345 224 2425 talia
254 2361 308 2408 seu
329 2343 482 2408 huminem
509 2361 573 2428 non¹
596 2344 739 2423 justificat
761 2346 824 2405 nisi
845 2362 914 2404 curn
943 2349 1014 2404 eolo
1036 2340 1296 2424 consessioniah,

152 2447 212 2516 hac
238 2453 337 2510 autern
365 2453 468 2509 volum
500 2451 530 2508 tn
563 2446 660 2508 taliter
688 2446 843 2520 Ecclesiae
873 2451 987 2508 monito
1017 2445 1217 2514 renitentibus
1255 2464 1295 2508 ne

152 2549 295 2630 implicite
319 2547 439 2630 quidem
463 2553 561 2626 potest
592 2553 727 2628 supponi.
759 2585 812 2598 -,
831 2549 923 2626 ilinc,
955 2547 1098 2629 quidquid
1128 2554 1174 2632 est
1203 2549 1241 2610 de
1264 2555 1296 2631 vi

153 2653 346 2736 obligationis
363 2653 483 2714 Decreti
508 2649 597 2713 Cone.
613 2650 745 2714 Trident.
771 2652 812 2712 nc
836 2651 1058 2726 contrahentes,
1083 2656 1188 2732 quiex
1211 2657 1298 2713 tem--

152 2775 225 2839 pore
247 2757 369 2818 ultimae
393 2755 738 2837 confessionisgraviler
753 2772 894 2834 peccasse
918 2754 974 2818 sibi
998 2759 1110 2818 conscii
1134 2762 1220 2834 sunt,
1244 2756 1293 2817 vet

153 2857 253 2939 aliquo
277 2857 375 2934 modo,
401 2861 443 2918 uti
467 2857 552 2932 taleS,
577 2863 751 2933 noscuntur,
774 2856 886 2938 absque
906 2858 1099 2920 consessione
1122 2877 1176 2938 pcr
1192 2863 1292 2920 actum

153 2964 342 3024 contritionis
363 2977 420 3021 nec
442 2965 568 3040 possunt
590 2959 681 3041 digne
703 2959 820 3040 disponi
846 2979 901 3022 nec
923 2961 1037 3022 admitti
1057 2961 1094 3022 ad
1116 2961 1210 3023 licite.¹
1221 2979 1293 3024 sus-

160 3117 166 3126 ’
185 3127 207 3193 ¹)
226 3126 321 3179 Concil.
338 3128 403 3181 Trid.
422 3145 483 3180 sesa.
503 3131 543 3180 at.
564 3129 595 3180 de
615 3130 713 3180 reform.
734 3138 804 3180 matr.
824 3147 844 3180 c.
867 3131 888 3182 l.

160 3214 205 3288 ζ’)
223 3211 302 3279 Gury,
318 3231 345 3266 u.
364 3213 438 3268 tlte.
457 3214 498 3266 ubi
517 3215 584 3275 dicit,
604 3215 693 3266 moltis
711 3219 739 3266 a‘n
756 3215 819 3268 locr'a
839 3216 913 3266 talem
932 3231 987 3266 ease
1005 3215 1087 3283 legem
1104 3217 1294 3284 particularem.

181 3301 203 3366 ³)
222 3295 299 3351 conc.
317 3299 383 3350 Trid.
407 3299 472 3351 sess
491 3302 528 3352 ll.
553 3317 574 3352 e.
594 3302 618 3352 4.
637 3300 715 3352 Docet
734 3310 863 3368 praetcrea
882 3301 919 3364 (S.
938 3297 1068 3368 Synodus)
1093 3304 1140 3354 etsi
1159 3305 1293 3356 contritio-

160 3433 164 3456 ,
221 3401 280 3438 nem
304 3385 369 3438 hanc
392 3385 530 3456 aliquando
555 3386 676 3448 charitate
701 3388 836 3455 perlectam
861 3403 917 3438 esse
940 3389 1081 3455 contingat,
1113 3387 1294 3459 hominemque

160 3516 167 3547 ἱ
221 3469 275 3526 lieo
302 3473 465 3524 reconciliare
489 3474 634 3542 priusquam
661 3473 708 3525 boc
727 3474 914 3526 Sacramentum
939 3481 998 3523 actu
1024 3475 1188 3542 suscipiatur,
1212 3477 1293 3542 ipsam

159 3603 167 3621 ,
221 3557 385 3610 nibilominus
402 3560 629 3612 reconciliationem
648 3562 695 3628 ipsi
713 3562 874 3623 contritioni,
893 3561 947 3610 sine
965 3557 1120 3610 Sacramenti
1138 3569 1208 3624 voto,
1226 3559 1294 3628 quod

161 3690 164 3698 ,
221 3646 247 3696 in
266 3643 307 3696 itta
325 3644 471 3708 includitur,
490 3663 539 3698 non
559 3661 614 3698 esse
633 3646 833 3698 adscribendam.
852 3639 928 3696 -In
948 3643 1048 3696 homine
1069 3644 1292 3714 postBaptisnrum

222 3730 293 3798 lapso
310 3732 344 3782 ita
363 3729 463 3782 demum
482 3730 657 3797 (Contritionis
684 3739 779 3800 motus)
804 3740 936 3802 praeparat
954 3731 986 3782 ad
1005 3733 1179 3804 remissionem
1200 3748 1291 3798 pecca·

222 3824 320 3879 torum,
346 3819 367 3868 si
386 3833 442 3868 curn
462 3816 551 3867 liducia
570 3818 671 3870 divinae
691 3819 877 3870 misericordiae
896 3827 920 3872 et
932 3821 992 3888 'coll
1007 3818 1163 3893 praestandi
1178 3817 1290 3888 reliqua,

223 3901 375 3972 conjunctus
394 3904 435 3967 ait,
453 3919 518 3976 quae
537 3902 569 3954 ad
587 3907 635 3956 rite
646 3891 833 3985 suscipiendum
854 3887 1102 3982 hoe'Sacrementuru
1120 3906 1290 3982 requiruntur.
