2758 4664
423 213 460 266 lie
477 211 568 267 Gensis
585 211 817 266 matrimonialibus.
1080 250 1083 255 -
1140 193 1202 264 221

151 371 187 433 li.
210 373 354 446 Daiara,
378 375 409 434 ut
431 373 604 448 innuimus,
630 372 782 452 dispensat
805 369 983 453 regulariter
1004 374 1035 432 in
1058 370 1124 435 loro
1145 389 1204 433 cx-

61 480 167 552 terno,
192 474 425 536 Paenitentiaria
448 478 480 534 in
504 473 569 536 loro
592 478 731 552 interno,
756 472 809 535 linc
833 480 932 534 tamen
956 473 1143 552 limitatione,
1168 478 1202 535 ut

58 578 183 639 Datarla
214 595 428 658 nonnunquam
461 576 614 656 dispenset
642 581 732 638 etiam
764 574 802 636 de
825 574 950 638 occultis
972 575 1203 657 impedimentis,

58 697 212 760 nunquam
245 687 345 742 autem
377 680 612 742 Poenitentiaria
651 679 688 741 de
722 681 858 742 notoriis.
911 675 1093 741 Benedictus
1124 678 1203 739 itit.

57 787 90 843 in
123 781 207 846 Bulla
239 783 362 861 „Bonus
393 785 515 863 pastor“
547 781 622 843 lineo
651 781 753 842 habet:
793 781 856 859 „At
886 795 902 840 a
931 779 1203 860 dispensationibus

58 885 262 948 concedendis
286 903 377 966 super
400 900 580 966 quocunque
602 884 818 964 impedimento
847 902 885 944 cn
902 887 1009 964 quovis
1027 884 1123 966 gradu
1137 887 1203 946 siva

58 992 339 1071 consanguinitatis,
365 993 429 1050 sive
452 988 605 1062 allinitatis
629 1004 669 1046 ex
692 987 798 1066 copula
822 987 912 1062 licita,
939 1001 993 1047 seu
1016 1003 1056 1046 ex
1078 1003 1199 1069 cogna-

58 1096 145 1152 tione
167 1091 312 1169 spirituali
338 1095 548 1170 proveniente,
587 1093 676 1152 etiam
700 1093 731 1150 ln
754 1088 820 1151 loro
844 1088 1053 1152 Conscientiae
1077 1095 1201 1168 tantum,

57 1196 180 1254 tametsi
203 1193 447 1274 impedimentum
471 1199 509 1256 sit
541 1194 707 1270 oecultum,
737 1196 767 1253 et
798 1190 962 1272 perieulum
993 1191 1201 1254 scandalorum

57 1299 235 1373 immincat,
263 1299 295 1356 in
325 1296 432 1357 iisdem
464 1300 660 1358 matrimoniis
697 1293 910 1358 contrahendis
941 1293 1203 1369 (Paenitentiaria)

57 1399 230 1477 abstineat;
253 1403 284 1460 in
308 1403 469 1462 contractis
491 1417 565 1462 vero
585 1401 807 1476 matrimoniis,
841 1415 858 1458 a
889 1395 1115 1476 dispensatione
1146 1414 1202 1460 seu

59 1505 243 1564 matrimonii
267 1501 482 1566 resolidatione
505 1507 536 1564 in
558 1502 702 1585 gradibus
724 1505 820 1582 primo
844 1505 874 1558 et
896 1499 1040 1579 secundo,
1067 1519 1122 1563 seu
1143 1517 1197 1562 se-

58 1605 160 1668 cundo
185 1612 316 1683 tanturn,
347 1609 617 1688 consanguinitatis
652 1604 701 1665 vel
733 1603 886 1666 allinitniis
918 1619 957 1662 ex
979 1604 1085 1684 copula
1107 1604 1200 1682 licita,

56 1713 149 1772 etiam
173 1714 203 1770 in
226 1709 374 1784 occultis,
403 1713 516 1789 pariter
537 1707 701 1780 abstineat;
732 1713 941 1786 praeterquam
964 1710 989 1768 si
1012 1711 1044 1768 tn
1067 1705 1200 1770 secundo

57 1817 175 1872 tanturn
213 1810 309 1894 gradu
341 1811 492 1890 praedicto
524 1811 771 1890 impedimentum
802 1809 907 1872 saltem
935 1825 989 1888 per
1020 1809 1200 1872 decennium

57 1913 215 1974 duraverit
236 1913 409 1988 occuitum,
439 1920 469 1974 et
501 1919 638 1975 oratores
661 1913 750 1974 simul
779 1911 890 1992 publici
914 1916 1119 1974 contraxerint
1128 1959 1136 1990 ,
1171 1915 1203 1972 at

56 2020 101 2078 uti
126 2017 273 2099 conjuges
295 2016 420 2100 legitimi
444 2021 571 2098 reputati
603 2017 729 2092 luorint;
758 2019 790 2076 in
819 2019 911 2076 tertio
940 2018 971 2076 et
996 2020 1101 2093 quarto
1125 2031 1200 2098 gra·-

52 2119 143 2180 dilus
167 2120 293 2182 occultis
324 2123 355 2182 in
377 2124 539 2182 contractis
568 2124 661 2202 possit
684 2117 857 2200 dispensare
868 2116 901 2192 ¹).
925 2147 969 2181 -τ
989 2115 1075 2178 Unde
1105 2119 1196 2197 patet,

52 2221 294 2302 dispensationes
318 2223 355 2285 de
377 2227 646 2308 consanguinitatis
660 2229 690 2283 et
703 2221 865 2298 uiduitatis,
891 2225 948 2297 (ex
971 2217 1077 2300 copula
1100 2219 1197 2295 licita)
1249 2272 1251 2275 .

51 2333 84 2386 et
117 2328 307 2408 cognationis
339 2326 501 2408 spiritualis
539 2325 755 2405 impedimento
789 2341 909 2405 semper
947 2326 1037 2384 etlam
1067 2322 1196 2401 occulto,

50 2431 123 2489 autc
148 2433 370 2490 matrimonium
394 2426 650 2506 contrahendum,
684 2433 803 2510 etpost
826 2431 1010 2492 contractum
1036 2425 1142 2487 saltem
1165 2429 1197 2487 in

50 2536 150 2610 primo
174 2537 204 2592 et
226 2529 359 2593 secundo
382 2531 478 2613 gradu
497 2531 640 2611 petendas
660 2549 764 2594 essee
786 2531 914 2594 [talaria.
945 2528 1036 2590 Porro
1056 2527 1198 2590 Pontifex

50 2653 114 2697 non
137 2635 310 2696 immediate
332 2651 386 2714 per
408 2635 558 2696 Datarlam
588 2633 762 2715 dispensare
786 2634 881 2711 solet,
913 2631 968 2694 sed
995 2635 1196 2693 communiter

50 2735 244 2818 dispensandi
275 2735 443 2798 nculmtem
472 2735 631 2800 Ordiuario
660 2738 710 2799 rel
743 2735 862 2800 Vlcario
892 2733 1031 2798 Generall
1061 2731 1191 2818 delegat,

51 2845 101 2919 qui
132 2843 256 2921 praevia
278 2843 452 2923 cognitione
460 2884 469 2917 ,
493 2858 531 2903 an
555 2858 661 2920 preces
684 2845 810 2904 ueritate
834 2843 966 2901 nitantur
974 2883 983 2918 ,
1014 2841 1194 2900 auctoritate
1258 2843 1260 2848 ’

51 2946 161 3006 summi
190 2940 342 3004 Pontificis
376 2946 503 3025 gratiam
535 2943 769 3024 dispensationis
806 2942 992 3021 oratoribus,
1027 2939 1193 3003 observatis

50 3043 258 3122 observandis
283 3063 351 3106 cum
374 3043 483 3107 ellectu
504 3050 683 3128 impertitur.

55 3198 265 3210 nnn-n*—

119 3257 316 3324 dispensationia
334 3252 440 3306 Nostrae
458 3253 557 3318 litteris,
575 3263 693 3323 quantam
712 3253 766 3306 fieri
786 3261 877 3322 potest,
895 3256 920 3305 in
940 3252 1016 3306 Curia
1028 3251 1119 3306 Nostra
1136 3267 1195 3304 mo·

120 3343 181 3394 dnm
205 3349 231 3392 et
253 3341 345 3408 atpium
364 3338 455 3392 Curiae
473 3341 601 3392 Romanae
624 3339 811 3400 observandum
836 3341 1060 3408 praescripsissem
1084 3338 1150 3392 uude
1166 3341 1197 3390 ia

119 3432 271 3480 excecatione
289 3443 390 3496 quoque
410 3434 462 3476 turn
481 3424 646 3490 Nostrarum,
673 3435 726 3476 tum
745 3425 818 3477 Sedis
838 3425 1000 3494 apostoticae
1023 3424 1195 3491 dispensacio-

118 3533 181 3568 num
201 3531 251 3566 una
270 3513 410 3583 eademque
433 3513 514 3563 lornra
533 3512 615 3564 locum
634 3512 728 3564 habere
747 3509 851 3564 debet.“
887 3513 959 3562 lustr.
979 3518 1043 3578 past.
1062 3510 1150 3575 Enatet
1169 3526 1193 3576 p.

66 3687 99 3754 .¹)
119 3599 454 3750 iiiiiiacxiiiaiilimdairiuiq
470 3605 590 3752 ilinitpr.
610 3683 683 3736 titt.
702 3686 726 3749 S.
746 3685 797 3748 39,
823 3684 866 3736 lo.
901 3681 965 3732 llinc
990 3679 1144 3748 dispensatio
1162 3677 1194 3732 ele

120 3774 169 3824 linc
188 3770 368 3842 impedimento
395 3774 471 3824 etium
496 3769 529 3822 ali
546 3769 688 3838 Episcopo,
711 3771 803 3840 quiex
821 3767 979 3842 delegatione
997 3765 1140 3834 dispensat,
1167 3768 1194 3818 iu

119 3861 174 3912 loro
207 3867 314 3930 *externo
352 3857 499 3928 peragenda
529 3871 584 3910 esse
620 3857 741 3920 videtur,
779 3857 892 3926 qinamvia
925 3851 1131 3922 impedimentum
1162 3853 1194 3904 ait

122 3940 262 3998 occultum.
