2764 4664
446 139 484 196 iia
501 139 676 198 &teintona
694 141 852 214 Nuptiarum.
1166 125 1228 196 261

90 321 153 387 que
175 320 287 389 magna
310 319 377 366 eum
391 299 549 386 prudentia
572 281 757 386 natemaque
779 319 847 366 cum
862 304 1023 366 severitate
1045 299 1084 366 de
1098 302 1137 368 iia
1152 321 1231 388 quaa

90 407 186 472 licent
207 406 387 492 conjugibus
408 411 489 470 inter
510 421 589 485 sese,
613 423 690 488 quae
712 423 775 470 non
796 405 897 486 licent,
920 404 1014 488 probe
1034 409 1231 488 instruantur,

88 528 132 574 ne
160 515 337 595 ignoranter
365 510 523 574 abutentes
554 508 673 574 licentia
705 509 832 574 maritali
855 509 996 591 laqueum
1018 507 1139 572 sibimet
1156 512 1231 591 ipaia

88 616 234 698 injiciant,
257 631 296 676 eo
310 617 428 677 nonnisi
445 610 620 676 difficillime
642 617 693 676 aut
710 617 833 676 omnino
856 629 918 676 non
932 611 1108 693 extricandt,
1131 612 1231 678 adeo·

88 735 151 800 quc
179 736 247 780 cum
277 715 506 781 tornicatoribus
535 713 685 797 ejiciendi.
695 714 724 793 ¹)
768 713 932 795 „Extrema
961 713 1012 778 illa
1033 719 1128 780 restat
1149 733 1229 799 para,

88 827 194 884 monet
208 819 325 884 Gutech.
342 819 438 898 Rom,
462 835 539 900 quae
562 817 598 882 ad
621 821 803 882 matrimonii
824 835 913 882 usum
935 822 1064 901 pertinet
1071 837 1081 896 3
1103 817 1141 884 da
1157 824 1230 902 qui-

87 925 146 988 bus
169 928 209 988 iia
232 923 383 1008 agendum
406 929 453 986 est
475 919 687 1002 aPastoribua‚
711 928 745 985 ut
766 922 881 986 nullum
900 939 941 986 ex
960 939 1066 985 eorum
1088 941 1230 988 crever-

87 1028 161 1092 bum
184 1027 311 1106 excidat,
335 1026 416 1110 quod
439 1025 571 1088 fidelium
594 1026 716 1089 auribus
738 1025 896 1111 indignum
919 1042 988 1089 esse
1005 1025 1154 1108 videatur,
1177 1033 1230 1092 aut

86 1136 154 1212 pias
177 1137 292 1194 mentes
315 1131 452 1209 laedere,
475 1133 643 1193 autricum
666 1147 790 1194 movere
811 1132 902 1212 queat
909 1147 919 1205 ;
948 1133 982 1191 ut
1003 1132 1086 1192 enim
1108 1131 1229 1214 eloquia

86 1235 221 1314 Domini,
243 1235 362 1317 etoquia
380 1239 467 1297 'easta
488 1238 573 1310 sunt,
602 1236 643 1295 ita
665 1236 757 1296 etiam
780 1237 910 1296 maxime
932 1230 1035 1312 decet,
1068 1231 1228 1298 Christiani

87 1337 191 1420 populi
214 1337 366 1400 doctorem
389 1333 536 1420 ejusmodi
559 1339 703 1400 orationis
725 1353 840 1421 genere
862 1339 922 1415 uti,
945 1353 1023 1417 quae
1045 1338 1228 1422 singularem

87 1441 239 1524 quandam
262 1444 439 1526 gravitatem
463 1445 493 1502 et
509 1443 618 1503 mentia
635 1444 810 1525 integritate
833 1437 1027 1520 praescierat.
1051 1440 1151 1515 Quare
1167 1441 1228 1508 duo

85 1545 139 1607 illa
162 1548 291 1606 maxime
313 1541 441 1606 docendi
460 1547 530 1605 sunt
550 1543 668 1620 fideies3
690 1547 817 1624 primum
834 1542 964 1624 quidem,
990 1559 1051 1608 non
1066 1545 1228 1628 voluptatis

84 1653 140 1712 aut
169 1647 301 1710 libidinis
328 1664 418 1710 causa
448 1649 636 1711 matrimonio
667 1663 789 1728 operum
820 1645 949 1710 dandam
982 1663 1067 1728 esse,
1103 1649 1157 1714 sed
1188 1667 1227 1715 eo

84 1751 232 1815 utendum
254 1756 332 1814 intra
355 1767 410 1814 cos
431 1750 519 1830 fines,
543 1754 594 1832 qui
610 1770 627 1814 a
645 1749 774 1814 Domino
797 1753 972 1832 praescripti
984 1748 1095 1831 sunt2).
1116 1751 1229 1816 tiam-

83 1859 170 1919 nisse
203 1859 283 1918 enim
315 1858 473 1934 convenit,
512 1852 592 1936 quod
620 1852 785 1935 Apostolus
813 1852 963 1918 hortaturr
1009 1854 1090 1935 „Oui
1118 1855 1229 1921 habant

83 1976 208 2039 uxores,
232 1962 372 2039 tanquam
396 1975 457 2020 non
478 1955 622 2021 habentes
644 1958 735 2021 sint“.
782 1955 812 2021 i.
836 1956 903 2020 Gor.
928 1955 958 2021 7.
981 1955 1038 2038 20;
1066 1963 1130 2022 tum
1152 1977 1227 2026 varo

82 2081 102 2126 a
124 2062 154 2128 S.
178 2061 364 2144 Hieronymo
387 2061 499 2124 dictum
522 2077 610 2124 esse:
642 2059 791 2141 „Sapims
813 2062 860 2122 vir
877 2058 994 2142 judicio
1016 2060 1105 2126 debet
1127 2081 1228 2130 amara

83 2167 266 2252 conjugem,
289 2183 351 2231 non
373 2163 500 2240 effectu3
531 2168 619 2248 reget
640 2167 770 2245 impetus
799 2163 976 2244 voluptatis,
1003 2181 1061 2228 nac
1082 2183 1227 2250 praecepa

83 2270 184 2333 iertur
205 2269 243 2332 ad
265 2272 398 2334 coitum·
431 2267 511 2330 Nihil
532 2273 579 2331 est
600 2268 743 2347 socdiua,'
758 2285 846 2350 quam
869 2285 995 2332 uxorem
1017 2287 1118 2334 amara
1141 2275 1227 2354 quasi
1272 2307 1274 2310 ·

87 2371 288 2440 adulteram“.
333 2371 470 2436 Alterum
494 2376 551 2450 est,
575 2370 654 2452 quot
677 2371 781 2436 fideles
797 2372 907 2438 docere
930 2375 1057 2454 oportet,
1082 2378 1115 2436 ut
1129 2374 1226 2438 Deum

83 2475 191 2542 orandi
221 2482 251 2539 et
280 2473 456 2542 obsecrandi
487 2491 578 2540 causa
608 2495 624 2539 a
655 2479 834 2540 [nutrimenti
863 2493 921 2540 usu
950 2473 1099 2540 interdum
1130 2477 1227 2543 altati-

83 2577 248 2658 neant³).“

605 2689 633 2758 3.
657 2676 710 2747 69.

295 2807 347 2869 De
359 2807 586 2871 Gonieaaione
605 2805 738 2883 nuptita
756 2805 1019 2884 praemittenda

172 2967 195 3032 Ι.
217 2965 347 3050 „Sancta
369 2967 507 3052 synodus
538 2969 685 3054 conjuges
713 2967 867 3049 hortatur,
896 2973 930 3031 ut
956 2973 1115 3053 antequam
1148 2987 1227 3035 con·

82 3073 207 3138 trahant
238 3071 288 3134 vei
310 3072 415 3136 saitem
438 3071 535 3137 triduo
558 3079 628 3136 ante
651 3076 831 3136 nutrimenti
861 3077 1149 3140 consummationem
1171 3093 1225 3144 sua

154 3243 247 3309 Sarae,
270 3243 405 3314 verbisque
423 3244 513 3315 angeli
530 3245 664 3315 Raphaclia
683 3259 726 3298 eoa
744 3243 881 3309 edocentis,
901 3261 977 3317 quam
998 3252 1086 3300 aancte
1104 3245 1226 3320 conjuges

156 3331 266 3384 debeant
283 3334 445 3386 convivere.“
464 3333 511 3386 itit.
530 3333 602 3386 Rom.

113 3420 137 3490 ¹)
155 3421 230 3474 lustr.
249 3428 312 3489 paat.
331 3418 401 3486 Eyat.
420 3435 444 3487 p.
463 3419 522 3472 350.
540 3419 711 3491 „Plerumque
729 3428 813 3473 tamen
832 3420 863 3473 de
880 3419 928 3472 hac
946 3419 1048 3472 materia
1067 3419 1226 3476 commodior

158 3513 248 3577 agetur
265 3509 293 3558 iu
311 3503 470 3558 confessione
488 3505 651 3559 celebrationi
668 3508 818 3560 matrimonii
838 3507 953 3576 praevio
971 3505 1032 3557 hinc
1046 3503 1226 3560 contrahente·

158 3591 370 3658 commonendi,
392 3599 435 3658 ut,
459 3593 479 3644 ai
498 3593 573 3647 alium
592 3595 771 3648 confessarium
790 3595 859 3647 adire
876 3593 970 3657 uelint,
996 3591 1032 3644 iili
1049 3590 1175 3655 indicent,
1197 3608 1226 3646 aa

157 3679 224 3731 hanc
248 3678 430 3731 confessionem
455 3679 540 3733 iacere
565 3681 596 3734 ad
619 3677 807 3750 suscipiendum
830 3678 1019 3732 Sacramentum
1048 3679 1227 3734 matrimonii.“

157 3795 193 3806 -
210 3764 274 3818 Vide
291 3763 323 3817 de
341 3764 389 3820 hac
407 3781 435 3820 re
452 3765 477 3820 S.
495 3767 584 3821 Frauc.
603 3768 691 3821 Sateaii
709 3765 854 3829 Phitothea,
875 3765 917 3820 tib.
937 3767 961 3820 3.
979 3781 1002 3822 c.
1020 3765 1062 3822 38.

115 3855 139 3924 ²)
159 3851 264 3908 catech.
281 3851 353 3908 Rom.
371 3870 394 3908 c.
413 3853 454 3917 13,
474 3854 515 3920 tt,
533 3855 576 3921 36,
593 3855 635 3908 tt.

113 3941 138 4012 ¹)
157 3939 262 3998 Gatach.
281 3937 353 3996 Rom.
371 3939 403 3996 da
420 3948 492 3996 matr.
511 3957 533 3996 c.
552 3941 593 3996 33.
612 3955 634 3998 c.
652 3941 693 3997 34.
