2736 4660
564 193 867 249 mmmmm

590 457 857 525 GasnsllLtll.
919 493 924 496 -

550 605 554 611 ’
627 611 819 688 sponsalia

245 758 333 822 Anna
357 757 518 820 Carminati
544 751 593 820 la
615 754 687 818 Julil
713 751 795 818 1714
814 714 932 819 institit
961 771 1061 816 ceram
1085 751 1212 816 Vicario
1232 751 1301 816 Ge—

159 862 250 926 neral.
268 860 426 944 Neapom,
449 877 498 937 ne,
523 877 557 922 se
578 857 720 936 inaudita,
744 855 865 918 daretur
888 855 1012 919 facultas
1027 857 1138 920 Joauni
1149 856 1183 918 Β.
1198 856 1303 920 Brun-

158 967 270 1038 caccic,
293 967 514 1026 matrimonium
537 959 732 1027 contrahendi
755 979 823 1025 eum
846 959 903 1024 alia
927 959 1055 1038 femina,
1078 959 1135 1022 sub
1157 960 1301 1033 obtentu,

158 1065 239 1147 quod
261 1083 364 1128 secum
386 1066 537 1146 sponsalia
560 1069 761 1128 contraxisset
790 1079 843 1144 per
865 1063 956 1126 verba
978 1062 1016 1124 de
1038 1062 1160 1142 lutura,
1197 1067 1304 1126 intro-

159 1167 307 1250 ductaque
330 1185 431 1230 eoram
455 1168 535 1232 dicto
559 1168 678 1231 Vicario
701 1167 772 1245 lite,
799 1165 878 1228 idem
902 1165 1081 1240 declaravit,
1112 1165 1198 1247 quod
1219 1185 1303 1228 con-

158 1269 254 1334 stabat
276 1269 314 1332 de
335 1271 533 1352 sponsalibus.

244 1369 350 1436 Habito
373 1394 390 1436 a
411 1374 529 1437 Joanne
551 1371 582 1436 B.
613 1391 738 1436 recursu
759 1373 796 1434 ad
825 1371 901 1434 hanc
919 1367 951 1433 S.
976 1369 1026 1448 0.,
1050 1375 1304 1452 transmissisque

158 1481 243 1554 actis,
266 1474 295 1542 3.
317 1475 437 1562 August
462 1473 543 1539 1720
566 1475 747 1556 disputatum
772 1475 844 1554 luit,
869 1493 906 1536 aa
929 1479 1081 1536 constaret
1104 1474 1142 1538 de
1165 1495 1304 1562 sponsa-

158 1579 235 1642 libus
258 1586 315 1642 eto.
360 1581 435 1653 Quia
457 1597 530 1642 vcro
553 1579 698 1662 agebatur
727 1575 989 1658 desponsalibus,
1021 1594 1098 1656 quae
1121 1595 1162 1638 ex
1183 1578 1303 1658 apocha

159 1701 219 1744 non
240 1681 458 1764 probabantur,
483 1681 536 1744 sed
559 1700 598 1742 ex
622 1680 764 1760 testibus,
798 1687 829 1742 et
850 1679 974 1742 ulterius
997 1683 1066 1760 quia
1089 1680 1238 1764 agebatur
1262 1680 1302 1740 de

159 1786 363 1866 sponsalibus,
394 1803 520 1866 quorum
544 1787 683 1847 executio
707 1781 772 1845 lieri
796 1783 923 1847 debebat
945 1791 1074 1866 quatuor
1097 1788 1164 1862 post
1187 1803 1301 1861 annos,

157 1889 269 1968 absque
292 1905 341 1968 eo,
365 1887 446 1970 quod
470 1894 603 1970 tempore
625 1887 805 1950 intermedio
828 1888 947 1968 aliquod
958 1891 1126 1968 apparuerit
1148 1887 1300 1948 indicium

158 1991 341 2074 sponsalium
365 1989 590 2072 praecedentcr,
615 1995 658 2052 uti
681 1991 914 2074 supponebatur,
937 1996 1169 2068 contractorum,
1195 1990 1303 2072 quod-

158 2113 216 2176 que
240 2093 401 2157 notabilius
419 2099 474 2171 est,
499 2077 566 2156 cum
590 2099 682 2156 testes
700 2093 738 2155 de
754 2091 940 2174 sponsalibus
957 2093 1146 2174 deponentes
1158 2090 1301 2154 dicerent

159 2217 194 2260 ea
222 2200 297 2260 inita
325 2196 420 2260 luisse
446 2200 479 2258 in
509 2201 629 2258 civitate
652 2195 847 2276 Neapolitana
879 2194 960 2259 1713
989 2201 1022 2257 in
1045 2193 1111 2280 Vig.
1142 2195 1242 2259 lestiv.
1268 2195 1303 2258 B.

158 2299 195 2364 li.
219 2297 254 2364 V.
273 2297 450 2378 Gratiarum,
474 2295 594 2380 quando
617 2317 656 2360 ex
679 2297 804 2360 testibus
824 2298 967 2362 aloance
990 2299 1022 2362 B.
1045 2299 1181 2362 adductis
1202 2296 1303 2360 babe-

159 2403 260 2482 batur,
294 2403 374 2486 quod
411 2407 475 2484 ipse
507 2407 640 2485 tempore
671 2401 824 2482 praedicto
858 2408 921 2464 erat
951 2407 983 2463 in
1001 2406 1137 2464 ,civitate
1167 2401 1301 2463 Ceratum

160 2505 318 2570 Cellarum.

246 2606 322 2670 Hine
343 2607 453 2670 laetum
477 2613 533 2686 cst,
559 2613 590 2669 ut
611 2605 673 2684 EE.
693 2605 744 2669 ΡΡ.
769 2612 839 2669 tunc
867 2606 1043 2668 abstinendo
1070 2626 1087 2668 a
1110 2607 1300 2669 resolutione

160 2709 284 2773 secundi
308 2709 406 2790 dubii,
429 2709 457 2776 h.
482 2729 508 2774 e.
532 2729 570 2772 an
593 2715 682 2772 etiam
706 2709 845 2772 admissis
868 2709 1069 2792 sponsalibus,
1102 2715 1172 2794 cogi
1196 2716 1301 2794 posset

160 2813 291 2876 loannes
314 2811 344 2876 B.
368 2811 405 2875 ad
428 2805 661 2892 matrimonium,
686 2798 917 2891 demandarunt,
940 2812 1022 2892 quod
1045 2813 1300 2896 coadjuvarentur

161 2914 366 2996 probationes,
390 2919 421 2975 et
440 2915 521 2996 quod
545 2921 638 2978 testes
661 2915 797 2978 lormiter
819 2919 1073 2978 exarninareutur.

246 3015 369 3080 Factum
397 3017 452 3078 luit
481 3036 607 3080 examen
633 3023 754 3080 testium
788 3019 1027 3098 praedictorum,
1059 3025 1090 3080 et
1123 3039 1163 3082 ex
1192 3037 1298 3082 eorum

161 3121 248 3182 dictis
269 3119 296 3184 J.
320 3118 402 3200 Bapt.
424 3125 532 3184 iterum
557 3121 721 3200 contendit,
745 3139 806 3184 non
829 3128 968 3184 constare
990 3121 1244 3202 desponsalibus,
1270 3128 1299 3183 ct

162 3228 308 3304 quatenus
331 3227 491 3300 constaret,
523 3241 557 3285 se
579 3229 649 3310 cogi
671 3243 731 3286 non
754 3241 843 3304 posse
872 3225 909 3286 ad
932 3222 1167 3288 contrahendum
1192 3230 1298 3288 mairi-

163 3330 294 3389 monium
318 3343 386 3386 cum
408 3323 512 3404 Anna,
548 3332 609 3388 tum
632 3331 754 3408 propter
784 3325 986 3408 disparitatem
1018 3329 1207 3405 divitiarum,
1238 3335 1297 3390 tum

162 3434 230 3512 quia
253 3435 317 3491 erat
338 3433 371 3490 in
392 3434 488 3492 aetate
517 3448 664 3493 annorum
689 3425 745 3508 ll,
776 3431 895 3510 quando
917 3431 1140 3513 praetenditur,
1177 3431 1259 3511 quod
1282 3449 1297 3490 a

162 3532 330 3597 sciuerint
358 3533 506 3612 sponsalia
529 3537 698 3609 conbacta3
727 3539 758 3594 et
780 3533 914 3610 demum,
949 3537 1017 3614 quia
1045 3540 1127 3615 pater
1150 3539 1181 3594 et
1204 3537 1297 3613 patrui

161 3636 232 3700 huic
261 3638 450 3698 matrimonio
472 3635 687 3714 adversantur,
718 3641 748 3698 et
769 3637 841 3700 licet
862 3641 954 3718 patris
976 3653 1143 3700 consensus
1176 3655 1239 3699 non
1261 3641 1297 3698 sit

163 3759 216 3822 pro
239 3738 392 3802 validitate
414 3743 596 3803 matrimonii
619 3737 819 3818 necessarius,
851 3739 1006 3802 dissensus
1036 3747 1134 3802 tamen
1156 3739 1295 3802 sufficere

163 3843 273 3906 dicitur
294 3861 349 3924 pro
373 3841 575 3906 dissolvendis
599 3843 802 3925 sponsalibus3
835 3861 903 3906 cum
925 3847 956 3904 in
984 3860 1055 3905 casu
1075 3842 1295 3906 inobedientiae

164 3964 303 4032 magnum
326 3950 358 4008 in
380 3964 414 4012 re
437 3947 574 4014 familiari
598 3951 658 4030 pati
680 3951 782 4032 posset
802 3945 1026 4030 praejudicium.
