<?xml version="1.0" encoding="UTF-8"?>
<!DOCTYPE html PUBLIC "-//W3C//DTD XHTML 1.0 Transitional//EN"
    "http://www.w3.org/TR/xhtml1/DTD/xhtml1-transitional.dtd">
<html xmlns="http://www.w3.org/1999/xhtml" xml:lang="en" lang="en">
 <head>
  <title>
</title>
<meta http-equiv="Content-Type" content="text/html;charset=utf-8" />
  <meta name='ocr-system' content='tesseract 3.04.00' />
  <meta name='ocr-capabilities' content='ocr_page ocr_carea ocr_par ocr_line ocrx_word'/>
</head>
<body>
  <div class='ocr_page' id='page_1' title='image "./dematrimoniotra00heisgoog_0201.png"; bbox 0 0 2758 4664; ppageno 0'>
   <div class='ocr_carea' id='block_1_1' title="bbox 187 148 1123 270">
    <p class='ocr_par' dir='ltr' id='par_1_1' title="bbox 187 148 1123 270">
     <span class='ocr_line' id='line_1_1' title="bbox 187 148 1123 270; baseline 0.005 -17"><span class='ocrx_word' id='word_1_1' title='bbox 187 185 248 254; x_wconf 83' lang='grc'><strong>176</strong></span> <span class='ocrx_word' id='word_1_2' title='bbox 475 201 513 254; x_wconf 84' lang='lat' dir='ltr'><strong>lie</strong></span> <span class='ocrx_word' id='word_1_3' title='bbox 529 148 715 270; x_wconf 79' lang='lat' dir='ltr'><strong>impedimetlth</strong></span> <span class='ocrx_word' id='word_1_4' title='bbox 735 205 920 260; x_wconf 72' lang='lat' dir='ltr'><strong>matrimonium</strong></span> <span class='ocrx_word' id='word_1_5' title='bbox 938 204 1123 258; x_wconf 79' lang='lat' dir='ltr'><strong>dirimentibus.</strong></span> 
     </span>
    </p>
   </div>
   <div class='ocr_carea' id='block_1_2' title="bbox 114 341 1352 2708">
    <p class='ocr_par' dir='ltr' id='par_1_2' title="bbox 188 341 1324 549">
     <span class='ocr_line' id='line_1_2' title="bbox 272 341 1324 439; baseline -0.003 -16"><span class='ocrx_word' id='word_1_6' title='bbox 272 360 452 437; x_wconf 70' lang='lat' dir='ltr'><strong>(loomim,</strong></span> <span class='ocrx_word' id='word_1_7' title='bbox 483 378 521 422; x_wconf 90' lang='lat' dir='ltr'><strong>au</strong></span> <span class='ocrx_word' id='word_1_8' title='bbox 544 363 762 424; x_wconf 80' lang='lat' dir='ltr'><strong>matrimonium</strong></span> <span class='ocrx_word' id='word_1_9' title='bbox 787 361 861 424; x_wconf 92' lang='lat' dir='ltr'><strong>clam</strong></span> <span class='ocrx_word' id='word_1_10' title='bbox 884 341 1069 426; x_wconf 87' lang='lat' dir='ltr'><strong>celebratum</strong></span> <span class='ocrx_word' id='word_1_11' title='bbox 1091 367 1124 424; x_wconf 88' lang='lat' dir='ltr'><strong>in</strong></span> <span class='ocrx_word' id='word_1_12' title='bbox 1147 362 1242 439; x_wconf 87' lang='lat' dir='ltr'><strong>locis,</strong></span> <span class='ocrx_word' id='word_1_13' title='bbox 1277 361 1324 421; x_wconf 93' lang='lat' dir='ltr'><strong>ubi</strong></span> 
     </span>
     <span class='ocr_line' id='line_1_3' title="bbox 188 462 1186 549; baseline -0.003 -22"><span class='ocrx_word' id='word_1_14' title='bbox 188 470 273 549; x_wconf 77' lang='lat' dir='ltr'><strong>riget</strong></span> <span class='ocrx_word' id='word_1_15' title='bbox 294 465 455 527; x_wconf 74' lang='lat' dir='ltr'><strong>Decretum</strong></span> <span class='ocrx_word' id='word_1_16' title='bbox 479 462 569 526; x_wconf 86' lang='lat' dir='ltr'><strong>Conc.</strong></span> <span class='ocrx_word' id='word_1_17' title='bbox 595 463 738 541; x_wconf 84' lang='lat' dir='ltr'><strong>Trident,</strong></span> <span class='ocrx_word' id='word_1_18' title='bbox 763 469 822 526; x_wconf 87' lang='lat' dir='ltr'><strong>vim</strong></span> <span class='ocrx_word' id='word_1_19' title='bbox 845 464 954 534; x_wconf 88' lang='lat' dir='ltr'><strong>haheat</strong></span> <span class='ocrx_word' id='word_1_20' title='bbox 976 464 1186 546; x_wconf 80' lang='lat' dir='ltr'><strong>sponsalium?</strong></span> 
     </span>
    </p>

    <p class='ocr_par' dir='ltr' id='par_1_3' title="bbox 125 565 1328 1059">
     <span class='ocr_line' id='line_1_4' title="bbox 213 565 1327 648; baseline -0.002 -20"><span class='ocrx_word' id='word_1_21' title='bbox 213 607 217 628; x_wconf 87' lang='lat'>.</span> <span class='ocrx_word' id='word_1_22' title='bbox 271 575 304 648; x_wconf 77' lang='lat' dir='ltr'><strong>lp.</strong></span> <span class='ocrx_word' id='word_1_23' title='bbox 333 567 363 641; x_wconf 91' lang='lat' dir='ltr'><strong>l)</strong></span> <span class='ocrx_word' id='word_1_24' title='bbox 386 565 463 628; x_wconf 88' lang='lat' dir='ltr'><strong>Satis</strong></span> <span class='ocrx_word' id='word_1_25' title='bbox 485 570 628 627; x_wconf 89' lang='lat' dir='ltr'><strong>convenit</strong></span> <span class='ocrx_word' id='word_1_26' title='bbox 649 571 728 626; x_wconf 89' lang='lat' dir='ltr'><strong>inter</strong></span> <span class='ocrx_word' id='word_1_27' title='bbox 750 574 904 647; x_wconf 89' lang='lat' dir='ltr'><strong>auctores,</strong></span> <span class='ocrx_word' id='word_1_28' title='bbox 928 573 988 630; x_wconf 89' lang='lat' dir='ltr'><strong>vim</strong></span> <span class='ocrx_word' id='word_1_29' title='bbox 1008 568 1194 648; x_wconf 84' lang='lat' dir='ltr'><strong>sponsalium</strong></span> <span class='ocrx_word' id='word_1_30' title='bbox 1213 567 1327 629; x_wconf 91' lang='lat' dir='ltr'><strong>babere</strong></span> 
     </span>
     <span class='ocr_line' id='line_1_5' title="bbox 125 670 1325 753; baseline -0.003 -19"><span class='ocrx_word' id='word_1_31' title='bbox 125 670 126 674; x_wconf 70' lang='grc'>’</span> <span class='ocrx_word' id='word_1_32' title='bbox 185 670 304 753; x_wconf 81' lang='lat' dir='ltr'><strong>quaudo</strong></span> <span class='ocrx_word' id='word_1_33' title='bbox 334 673 552 732; x_wconf 75' lang='lat' dir='ltr'><strong>matrimonium</strong></span> <span class='ocrx_word' id='word_1_34' title='bbox 582 673 623 730; x_wconf 82' lang='lat' dir='ltr'><strong>ita</strong></span> <span class='ocrx_word' id='word_1_35' title='bbox 645 675 829 732; x_wconf 88' lang='lat' dir='ltr'><strong>contractum</strong></span> <span class='ocrx_word' id='word_1_36' title='bbox 860 678 906 732; x_wconf 88' lang='lat' dir='ltr'><strong>est</strong></span> <span class='ocrx_word' id='word_1_37' title='bbox 928 676 1007 734; x_wconf 88' lang='lat' dir='ltr'><strong>inter</strong></span> <span class='ocrx_word' id='word_1_38' title='bbox 1035 672 1111 733; x_wconf 91' lang='lat' dir='ltr'><strong>duos</strong></span> <span class='ocrx_word' id='word_1_39' title='bbox 1138 671 1325 750; x_wconf 87' lang='lat' dir='ltr'><strong>impuberes,</strong></span> 
     </span>
     <span class='ocr_line' id='line_1_6' title="bbox 186 771 1328 854; baseline -0.004 -17"><span class='ocrx_word' id='word_1_40' title='bbox 186 775 235 836; x_wconf 83' lang='lat' dir='ltr'><strong>rel</strong></span> <span class='ocrx_word' id='word_1_41' title='bbox 257 791 349 837; x_wconf 86' lang='lat' dir='ltr'><strong>uuum</strong></span> <span class='ocrx_word' id='word_1_42' title='bbox 371 772 574 851; x_wconf 83' lang='lat' dir='ltr'><strong>impuberem,</strong></span> <span class='ocrx_word' id='word_1_43' title='bbox 598 771 723 833; x_wconf 88' lang='lat' dir='ltr'><strong>alterum</strong></span> <span class='ocrx_word' id='word_1_44' title='bbox 746 773 899 852; x_wconf 85' lang='lat' dir='ltr'><strong>puberem.</strong></span> <span class='ocrx_word' id='word_1_45' title='bbox 944 774 1030 836; x_wconf 86' lang='lat' dir='ltr'><strong>Ratio</strong></span> <span class='ocrx_word' id='word_1_46' title='bbox 1054 780 1117 851; x_wconf 89' lang='lat' dir='ltr'><strong>est,</strong></span> <span class='ocrx_word' id='word_1_47' title='bbox 1147 778 1219 854; x_wconf 89' lang='lat' dir='ltr'><strong>quia</strong></span> <span class='ocrx_word' id='word_1_48' title='bbox 1246 779 1328 834; x_wconf 88' lang='lat' dir='ltr'><strong>anti-</strong></span> 
     </span>
     <span class='ocr_line' id='line_1_7' title="bbox 186 873 1326 959; baseline -0.007 -17"><span class='ocrx_word' id='word_1_49' title='bbox 186 895 246 959; x_wconf 82' lang='lat' dir='ltr'><strong>quo</strong></span> <span class='ocrx_word' id='word_1_50' title='bbox 265 877 334 958; x_wconf 88' lang='lat' dir='ltr'><strong>jure</strong></span> <span class='ocrx_word' id='word_1_51' title='bbox 357 878 544 936; x_wconf 84' lang='lat' dir='ltr'><strong>matrimonia</strong></span> <span class='ocrx_word' id='word_1_52' title='bbox 562 873 750 954; x_wconf 84' lang='lat' dir='ltr'><strong>impuberum</strong></span> <span class='ocrx_word' id='word_1_53' title='bbox 774 876 849 936; x_wconf 89' lang='lat' dir='ltr'><strong>clam</strong></span> <span class='ocrx_word' id='word_1_54' title='bbox 873 884 1024 939; x_wconf 88' lang='lat' dir='ltr'><strong>contracta</strong></span> <span class='ocrx_word' id='word_1_55' title='bbox 1047 880 1108 938; x_wconf 91' lang='lat' dir='ltr'><strong>vim</strong></span> <span class='ocrx_word' id='word_1_56' title='bbox 1140 876 1326 954; x_wconf 86' lang='lat' dir='ltr'><strong>sponsalium</strong></span> 
     </span>
     <span class='ocr_line' id='line_1_8' title="bbox 186 978 1073 1059; baseline 0.002 -16"><span class='ocrx_word' id='word_1_57' title='bbox 186 979 349 1057; x_wconf 85' lang='lat' dir='ltr'><strong>habebant,</strong></span> <span class='ocrx_word' id='word_1_58' title='bbox 372 980 516 1057; x_wconf 84' lang='lat' dir='ltr'><strong>quaevis</strong></span> <span class='ocrx_word' id='word_1_59' title='bbox 539 980 613 1057; x_wconf 90' lang='lat' dir='ltr'><strong>ipsis</strong></span> <span class='ocrx_word' id='word_1_60' title='bbox 634 997 651 1038; x_wconf 94' lang='lat' dir='ltr'><strong>a</strong></span> <span class='ocrx_word' id='word_1_61' title='bbox 676 978 745 1039; x_wconf 89' lang='lat' dir='ltr'><strong>Trid</strong></span> <span class='ocrx_word' id='word_1_62' title='bbox 776 978 912 1059; x_wconf 91' lang='lat' dir='ltr'><strong>adempta</strong></span> <span class='ocrx_word' id='word_1_63' title='bbox 936 999 995 1042; x_wconf 89' lang='lat' dir='ltr'><strong>non</strong></span> <span class='ocrx_word' id='word_1_64' title='bbox 1018 985 1073 1044; x_wconf 89' lang='lat' dir='ltr'><strong>est.</strong></span> 
     </span>
    </p>

    <p class='ocr_par' dir='ltr' id='par_1_4' title="bbox 114 1070 1331 1784">
     <span class='ocr_line' id='line_1_9' title="bbox 114 1070 1329 1161; baseline -0.003 -17"><span class='ocrx_word' id='word_1_65' title='bbox 114 1070 119 1081; x_wconf 70' lang='grc'><strong>’</strong></span> <span class='ocrx_word' id='word_1_66' title='bbox 197 1083 199 1087; x_wconf 78' lang='grc'>’</span> <span class='ocrx_word' id='word_1_67' title='bbox 274 1081 310 1154; x_wconf 81' lang='grc'><strong>2)</strong></span> <span class='ocrx_word' id='word_1_68' title='bbox 333 1081 378 1144; x_wconf 88' lang='lat' dir='ltr'><strong>De</strong></span> <span class='ocrx_word' id='word_1_69' title='bbox 401 1084 598 1142; x_wconf 75' lang='lat' dir='ltr'><strong>matrimoniis</strong></span> <span class='ocrx_word' id='word_1_70' title='bbox 621 1085 700 1142; x_wconf 90' lang='lat' dir='ltr'><strong>inter</strong></span> <span class='ocrx_word' id='word_1_71' title='bbox 717 1082 845 1161; x_wconf 79' lang='lat' dir='ltr'><strong>puberes</strong></span> <span class='ocrx_word' id='word_1_72' title='bbox 867 1087 907 1143; x_wconf 89' lang='lat' dir='ltr'><strong>ita</strong></span> <span class='ocrx_word' id='word_1_73' title='bbox 929 1087 1011 1144; x_wconf 88' lang='lat' dir='ltr'><strong>initis</strong></span> <span class='ocrx_word' id='word_1_74' title='bbox 1028 1100 1107 1142; x_wconf 88' lang='lat' dir='ltr'><strong>nunc</strong></span> <span class='ocrx_word' id='word_1_75' title='bbox 1131 1087 1250 1144; x_wconf 89' lang='lat' dir='ltr'><strong>certum</strong></span> <span class='ocrx_word' id='word_1_76' title='bbox 1272 1089 1329 1159; x_wconf 89' lang='lat' dir='ltr'><strong>est,</strong></span> 
     </span>
     <span class='ocr_line' id='line_1_10' title="bbox 130 1182 1330 1263; baseline -0.003 -17"><span class='ocrx_word' id='word_1_77' title='bbox 130 1195 132 1198; x_wconf 82' lang='grc'><strong>’</strong></span> <span class='ocrx_word' id='word_1_78' title='bbox 186 1186 236 1248; x_wconf 93' lang='lat' dir='ltr'><strong>illa</strong></span> <span class='ocrx_word' id='word_1_79' title='bbox 259 1189 318 1246; x_wconf 88' lang='lat' dir='ltr'><strong>virn</strong></span> <span class='ocrx_word' id='word_1_80' title='bbox 342 1183 521 1263; x_wconf 85' lang='lat' dir='ltr'><strong>sponsalium</strong></span> <span class='ocrx_word' id='word_1_81' title='bbox 547 1202 606 1244; x_wconf 91' lang='lat' dir='ltr'><strong>non</strong></span> <span class='ocrx_word' id='word_1_82' title='bbox 630 1183 748 1247; x_wconf 89' lang='lat' dir='ltr'><strong>habere.</strong></span> <span class='ocrx_word' id='word_1_83' title='bbox 795 1184 836 1246; x_wconf 90' lang='lat' dir='ltr'><strong>lta</strong></span> <span class='ocrx_word' id='word_1_84' title='bbox 860 1186 1011 1248; x_wconf 82' lang='lat' dir='ltr'><strong>referente</strong></span> <span class='ocrx_word' id='word_1_85' title='bbox 1034 1184 1198 1248; x_wconf 86' lang='lat' dir='ltr'><strong>Benedicta</strong></span> <span class='ocrx_word' id='word_1_86' title='bbox 1214 1182 1330 1260; x_wconf 80' lang='lat' dir='ltr'><strong>XlV.¹)</strong></span> 
     </span>
     <span class='ocr_line' id='line_1_11' title="bbox 187 1286 1329 1370; baseline -0.005 -18"><span class='ocrx_word' id='word_1_87' title='bbox 187 1291 307 1368; x_wconf 83' lang='lat' dir='ltr'><strong>saepius</strong></span> <span class='ocrx_word' id='word_1_88' title='bbox 329 1287 492 1348; x_wconf 83' lang='lat' dir='ltr'><strong>declaravit</strong></span> <span class='ocrx_word' id='word_1_89' title='bbox 506 1286 655 1369; x_wconf 80' lang='lat' dir='ltr'><strong>Congreg.</strong></span> <span class='ocrx_word' id='word_1_90' title='bbox 671 1287 703 1348; x_wconf 84' lang='lat' dir='ltr'><strong>C.</strong></span> <span class='ocrx_word' id='word_1_91' title='bbox 729 1321 768 1330; x_wconf 76' lang='lat'><strong>-—</strong></span> <span class='ocrx_word' id='word_1_92' title='bbox 792 1287 878 1350; x_wconf 81' lang='lat' dir='ltr'><strong>Ratio</strong></span> <span class='ocrx_word' id='word_1_93' title='bbox 901 1292 1056 1368; x_wconf 89' lang='lat' dir='ltr'><strong>potissima</strong></span> <span class='ocrx_word' id='word_1_94' title='bbox 1080 1295 1109 1348; x_wconf 86' lang='lat' dir='ltr'><strong>et</strong></span> <span class='ocrx_word' id='word_1_95' title='bbox 1132 1305 1251 1370; x_wconf 80' lang='lat' dir='ltr'><strong>urgens</strong></span> <span class='ocrx_word' id='word_1_96' title='bbox 1274 1293 1329 1365; x_wconf 89' lang='lat' dir='ltr'><strong>est,</strong></span> 
     </span>
     <span class='ocr_line' id='line_1_12' title="bbox 187 1389 1330 1473; baseline -0.002 -21"><span class='ocrx_word' id='word_1_97' title='bbox 187 1396 256 1473; x_wconf 84' lang='lat' dir='ltr'><strong>quia</strong></span> <span class='ocrx_word' id='word_1_98' title='bbox 279 1389 362 1452; x_wconf 82' lang='lat' dir='ltr'><strong>Trid·</strong></span> <span class='ocrx_word' id='word_1_99' title='bbox 388 1407 449 1451; x_wconf 94' lang='lat' dir='ltr'><strong>non</strong></span> <span class='ocrx_word' id='word_1_100' title='bbox 475 1389 574 1452; x_wconf 87' lang='lat' dir='ltr'><strong>solum</strong></span> <span class='ocrx_word' id='word_1_101' title='bbox 603 1389 678 1450; x_wconf 89' lang='lat' dir='ltr'><strong>elam</strong></span> <span class='ocrx_word' id='word_1_102' title='bbox 710 1390 921 1453; x_wconf 81' lang='lat' dir='ltr'><strong>contrahentes</strong></span> <span class='ocrx_word' id='word_1_103' title='bbox 950 1391 986 1453; x_wconf 86' lang='lat' dir='ltr'><strong>ad</strong></span> <span class='ocrx_word' id='word_1_104' title='bbox 1019 1395 1063 1452; x_wconf 91' lang='lat' dir='ltr'><strong>sic</strong></span> <span class='ocrx_word' id='word_1_105' title='bbox 1092 1389 1330 1454; x_wconf 79' lang='lat' dir='ltr'><strong>contrahendum</strong></span> 
     </span>
     <span class='ocr_line' id='line_1_13' title="bbox 188 1491 1331 1575; baseline -0.003 -19"><span class='ocrx_word' id='word_1_106' title='bbox 188 1495 288 1557; x_wconf 88' lang='lat' dir='ltr'><strong>reddit</strong></span> <span class='ocrx_word' id='word_1_107' title='bbox 309 1493 471 1570; x_wconf 85' lang='lat' dir='ltr'><strong>inhabiles,</strong></span> <span class='ocrx_word' id='word_1_108' title='bbox 501 1491 553 1552; x_wconf 89' lang='lat' dir='ltr'><strong>sed</strong></span> <span class='ocrx_word' id='word_1_109' title='bbox 577 1496 699 1570; x_wconf 89' lang='lat' dir='ltr'><strong>insuper</strong></span> <span class='ocrx_word' id='word_1_110' title='bbox 722 1491 856 1554; x_wconf 87' lang='lat' dir='ltr'><strong>decernit</strong></span> <span class='ocrx_word' id='word_1_111' title='bbox 886 1494 1053 1575; x_wconf 90' lang='lat' dir='ltr'><strong>hujusmodi</strong></span> <span class='ocrx_word' id='word_1_112' title='bbox 1083 1500 1167 1556; x_wconf 87' lang='lat' dir='ltr'><strong>actus</strong></span> <span class='ocrx_word' id='word_1_113' title='bbox 1191 1493 1331 1555; x_wconf 88' lang='lat' dir='ltr'><strong>absolute</strong></span> 
     </span>
     <span class='ocr_line' id='line_1_14' title="bbox 187 1595 1331 1677; baseline 0 -19"><span class='ocrx_word' id='word_1_114' title='bbox 187 1601 288 1660; x_wconf 86' lang='lat' dir='ltr'><strong>irritos</strong></span> <span class='ocrx_word' id='word_1_115' title='bbox 318 1602 349 1656; x_wconf 91' lang='lat' dir='ltr'><strong>et</strong></span> <span class='ocrx_word' id='word_1_116' title='bbox 376 1595 474 1658; x_wconf 90' lang='lat' dir='ltr'><strong>nullos</strong></span> <span class='ocrx_word' id='word_1_117' title='bbox 505 1612 589 1669; x_wconf 82' lang='lat' dir='ltr'><strong>esse3</strong></span> <span class='ocrx_word' id='word_1_118' title='bbox 619 1597 815 1677; x_wconf 85' lang='lat' dir='ltr'><strong>proceditque</strong></span> <span class='ocrx_word' id='word_1_119' title='bbox 844 1597 914 1676; x_wconf 91' lang='lat' dir='ltr'><strong>hoc,</strong></span> <span class='ocrx_word' id='word_1_120' title='bbox 950 1601 1006 1658; x_wconf 87' lang='lat' dir='ltr'><strong>etsi</strong></span> <span class='ocrx_word' id='word_1_121' title='bbox 1038 1597 1188 1677; x_wconf 86' lang='lat' dir='ltr'><strong>adjectum</strong></span> <span class='ocrx_word' id='word_1_122' title='bbox 1221 1601 1265 1658; x_wconf 89' lang='lat' dir='ltr'><strong>sit</strong></span> <span class='ocrx_word' id='word_1_123' title='bbox 1296 1600 1331 1658; x_wconf 86' lang='lat' dir='ltr'><strong>iis</strong></span> 
     </span>
     <span class='ocr_line' id='line_1_15' title="bbox 187 1701 435 1784; baseline -0.02 -20"><span class='ocrx_word' id='word_1_124' title='bbox 187 1701 435 1784; x_wconf 72' lang='lat' dir='ltr'><strong>juramentumt)</strong></span> 
     </span>
    </p>

    <p class='ocr_par' dir='ltr' id='par_1_5' title="bbox 189 1801 1352 2708">
     <span class='ocr_line' id='line_1_16' title="bbox 275 1801 1331 1884; baseline -0.003 -18"><span class='ocrx_word' id='word_1_125' title='bbox 275 1801 311 1878; x_wconf 88' lang='grc'><strong>3)</strong></span> <span class='ocrx_word' id='word_1_126' title='bbox 334 1802 427 1864; x_wconf 87' lang='lat' dir='ltr'><strong>Dictis</strong></span> <span class='ocrx_word' id='word_1_127' title='bbox 449 1802 722 1882; x_wconf 88' lang='lat' dir='ltr'><strong>nonobstantibus,</strong></span> <span class='ocrx_word' id='word_1_128' title='bbox 746 1803 915 1884; x_wconf 86' lang='lat' dir='ltr'><strong>hujusmodi</strong></span> <span class='ocrx_word' id='word_1_129' title='bbox 939 1805 1127 1864; x_wconf 86' lang='lat' dir='ltr'><strong>matrimonia</strong></span> <span class='ocrx_word' id='word_1_130' title='bbox 1150 1809 1254 1864; x_wconf 81' lang='lat' dir='ltr'><strong>tamen</strong></span> <span class='ocrx_word' id='word_1_131' title='bbox 1274 1806 1331 1863; x_wconf 88' lang='lat' dir='ltr'><strong>tri-</strong></span> 
     </span>
     <span class='ocr_line' id='line_1_17' title="bbox 189 1904 1330 1989; baseline -0.005 -19"><span class='ocrx_word' id='word_1_132' title='bbox 189 1905 430 1989; x_wconf 88' lang='lat' dir='ltr'><strong>plicemhahere</strong></span> <span class='ocrx_word' id='word_1_133' title='bbox 451 1912 575 1985; x_wconf 91' lang='lat' dir='ltr'><strong>possunt</strong></span> <span class='ocrx_word' id='word_1_134' title='bbox 594 1904 733 1968; x_wconf 84' lang='lat' dir='ltr'><strong>ellectum</strong></span> <span class='ocrx_word' id='word_1_135' title='bbox 757 1912 790 1978; x_wconf 85' lang='lat' dir='ltr'><strong>a)</strong></span> <span class='ocrx_word' id='word_1_136' title='bbox 808 1910 942 1967; x_wconf 88' lang='lat' dir='ltr'><strong>noscitur</strong></span> <span class='ocrx_word' id='word_1_137' title='bbox 964 1923 1003 1966; x_wconf 87' lang='lat' dir='ltr'><strong>ex</strong></span> <span class='ocrx_word' id='word_1_138' title='bbox 1025 1907 1063 1966; x_wconf 89' lang='lat' dir='ltr'><strong>iis</strong></span> <span class='ocrx_word' id='word_1_139' title='bbox 1081 1905 1330 1984; x_wconf 88' lang='lat' dir='ltr'><strong>impedimentum</strong></span> 
     </span>
     <span class='ocr_line' id='line_1_18' title="bbox 190 2005 1329 2092; baseline -0.006 -18"><span class='ocrx_word' id='word_1_140' title='bbox 190 2011 328 2092; x_wconf 87' lang='lat' dir='ltr'><strong>publicae</strong></span> <span class='ocrx_word' id='word_1_141' title='bbox 351 2007 527 2083; x_wconf 86' lang='lat' dir='ltr'><strong>honestatis;</strong></span> <span class='ocrx_word' id='word_1_142' title='bbox 550 2009 584 2082; x_wconf 93' lang='lat' dir='ltr'><strong>b)</strong></span> <span class='ocrx_word' id='word_1_143' title='bbox 601 2013 626 2069; x_wconf 92' lang='lat' dir='ltr'><strong>si</strong></span> <span class='ocrx_word' id='word_1_144' title='bbox 650 2009 835 2070; x_wconf 79' lang='lat' dir='ltr'><strong>clandestine</strong></span> <span class='ocrx_word' id='word_1_145' title='bbox 858 2008 1036 2070; x_wconf 88' lang='lat' dir='ltr'><strong>contrahens</strong></span> <span class='ocrx_word' id='word_1_146' title='bbox 1057 2007 1193 2086; x_wconf 89' lang='lat' dir='ltr'><strong>copulam</strong></span> <span class='ocrx_word' id='word_1_147' title='bbox 1215 2005 1329 2085; x_wconf 90' lang='lat' dir='ltr'><strong>habuit,</strong></span> 
     </span>
     <span class='ocr_line' id='line_1_19' title="bbox 190 2109 1328 2192; baseline -0.004 -17"><span class='ocrx_word' id='word_1_148' title='bbox 190 2120 223 2175; x_wconf 90' lang='lat' dir='ltr'><strong>et</strong></span> <span class='ocrx_word' id='word_1_149' title='bbox 233 2112 377 2174; x_wconf 86' lang='lat' dir='ltr'><strong>damnum</strong></span> <span class='ocrx_word' id='word_1_150' title='bbox 392 2114 439 2172; x_wconf 88' lang='lat' dir='ltr'><strong>sic</strong></span> <span class='ocrx_word' id='word_1_151' title='bbox 447 2109 560 2174; x_wconf 89' lang='lat' dir='ltr'><strong>illatum</strong></span> <span class='ocrx_word' id='word_1_152' title='bbox 576 2111 667 2174; x_wconf 85' lang='lat' dir='ltr'><strong>aliter</strong></span> <span class='ocrx_word' id='word_1_153' title='bbox 674 2129 814 2192; x_wconf 86' lang='lat' dir='ltr'><strong>reparare</strong></span> <span class='ocrx_word' id='word_1_154' title='bbox 831 2117 969 2191; x_wconf 82' lang='lat' dir='ltr'><strong>nequeat,</strong></span> <span class='ocrx_word' id='word_1_155' title='bbox 992 2117 1111 2172; x_wconf 90' lang='lat' dir='ltr'><strong>tenetur</strong></span> <span class='ocrx_word' id='word_1_156' title='bbox 1124 2127 1192 2172; x_wconf 92' lang='lat' dir='ltr'><strong>eam</strong></span> <span class='ocrx_word' id='word_1_157' title='bbox 1205 2111 1328 2188; x_wconf 89' lang='lat' dir='ltr'><strong>ducere,</strong></span> 
     </span>
     <span class='ocr_line' id='line_1_20' title="bbox 190 2213 1331 2294; baseline -0.002 -16"><span class='ocrx_word' id='word_1_158' title='bbox 190 2233 252 2278; x_wconf 92' lang='lat' dir='ltr'><strong>nou</strong></span> <span class='ocrx_word' id='word_1_159' title='bbox 275 2219 390 2276; x_wconf 87' lang='lat' dir='ltr'><strong>ratione</strong></span> <span class='ocrx_word' id='word_1_160' title='bbox 412 2219 591 2292; x_wconf 85' lang='lat' dir='ltr'><strong>contractus,</strong></span> <span class='ocrx_word' id='word_1_161' title='bbox 617 2213 670 2276; x_wconf 90' lang='lat' dir='ltr'><strong>sed</strong></span> <span class='ocrx_word' id='word_1_162' title='bbox 693 2217 810 2275; x_wconf 89' lang='lat' dir='ltr'><strong>ratione</strong></span> <span class='ocrx_word' id='word_1_163' title='bbox 827 2213 980 2294; x_wconf 82' lang='lat' dir='ltr'><strong>justitiae3</strong></span> <span class='ocrx_word' id='word_1_164' title='bbox 1012 2219 1043 2292; x_wconf 87' lang='lat' dir='ltr'><strong>e)</strong></span> <span class='ocrx_word' id='word_1_165' title='bbox 1067 2217 1091 2274; x_wconf 90' lang='lat' dir='ltr'><strong>si</strong></span> <span class='ocrx_word' id='word_1_166' title='bbox 1115 2213 1331 2276; x_wconf 89' lang='lat' dir='ltr'><strong>contrahentes</strong></span> 
     </span>
     <span class='ocr_line' id='line_1_21' title="bbox 190 2315 1352 2399; baseline -0.006 -17"><span class='ocrx_word' id='word_1_167' title='bbox 190 2317 393 2382; x_wconf 83' lang='lat' dir='ltr'><strong>indalecium</strong></span> <span class='ocrx_word' id='word_1_168' title='bbox 412 2320 591 2378; x_wconf 88' lang='lat' dir='ltr'><strong>matrimonii</strong></span> <span class='ocrx_word' id='word_1_169' title='bbox 614 2335 759 2397; x_wconf 85' lang='lat' dir='ltr'><strong>expresse</strong></span> <span class='ocrx_word' id='word_1_170' title='bbox 782 2333 816 2378; x_wconf 91' lang='lat' dir='ltr'><strong>se</strong></span> <span class='ocrx_word' id='word_1_171' title='bbox 839 2316 876 2378; x_wconf 91' lang='lat' dir='ltr'><strong>ad</strong></span> <span class='ocrx_word' id='word_1_172' title='bbox 899 2317 1048 2396; x_wconf 87' lang='lat' dir='ltr'><strong>sponsalia</strong></span> <span class='ocrx_word' id='word_1_173' title='bbox 1072 2315 1208 2399; x_wconf 85' lang='lat' dir='ltr'><strong>obligare</strong></span> <span class='ocrx_word' id='word_1_174' title='bbox 1226 2321 1352 2378; x_wconf 66' lang='lat' dir='ltr'><strong>inteu-⁴</strong></span> 
     </span>
     <span class='ocr_line' id='line_1_22' title="bbox 192 2419 1332 2502; baseline -0.003 -18"><span class='ocrx_word' id='word_1_175' title='bbox 192 2421 313 2498; x_wconf 86' lang='lat' dir='ltr'><strong>dorent,</strong></span> <span class='ocrx_word' id='word_1_176' title='bbox 345 2439 385 2480; x_wconf 86' lang='lat' dir='ltr'><strong>ex</strong></span> <span class='ocrx_word' id='word_1_177' title='bbox 406 2437 444 2482; x_wconf 89' lang='lat' dir='ltr'><strong>eo</strong></span> <span class='ocrx_word' id='word_1_178' title='bbox 466 2426 621 2482; x_wconf 85' lang='lat' dir='ltr'><strong>contractu</strong></span> <span class='ocrx_word' id='word_1_179' title='bbox 650 2426 826 2483; x_wconf 86' lang='lat' dir='ltr'><strong>nasceretur</strong></span> <span class='ocrx_word' id='word_1_180' title='bbox 855 2424 944 2481; x_wconf 83' lang='lat' dir='ltr'><strong>etiam</strong></span> <span class='ocrx_word' id='word_1_181' title='bbox 972 2419 1115 2502; x_wconf 83' lang='lat' dir='ltr'><strong>obligatio</strong></span> <span class='ocrx_word' id='word_1_182' title='bbox 1143 2421 1332 2499; x_wconf 87' lang='lat' dir='ltr'><strong>sponsalitia,</strong></span> 
     </span>
     <span class='ocr_line' id='line_1_23' title="bbox 189 2523 1333 2606; baseline -0.003 -19"><span class='ocrx_word' id='word_1_183' title='bbox 189 2528 261 2606; x_wconf 90' lang='lat' dir='ltr'><strong>quia</strong></span> <span class='ocrx_word' id='word_1_184' title='bbox 284 2525 448 2586; x_wconf 77' lang='lat' dir='ltr'><strong>ooabactui</strong></span> <span class='ocrx_word' id='word_1_185' title='bbox 470 2523 645 2602; x_wconf 88' lang='lat' dir='ltr'><strong>sponsalitio</strong></span> <span class='ocrx_word' id='word_1_186' title='bbox 668 2525 875 2586; x_wconf 82' lang='lat' dir='ltr'><strong>Tridentinum</strong></span> <span class='ocrx_word' id='word_1_187' title='bbox 897 2541 957 2584; x_wconf 91' lang='lat' dir='ltr'><strong>non</strong></span> <span class='ocrx_word' id='word_1_188' title='bbox 979 2526 1107 2600; x_wconf 89' lang='lat' dir='ltr'><strong>resistit,</strong></span> <span class='ocrx_word' id='word_1_189' title='bbox 1135 2527 1257 2586; x_wconf 90' lang='lat' dir='ltr'><strong>tametsi</strong></span> <span class='ocrx_word' id='word_1_190' title='bbox 1281 2539 1333 2584; x_wconf 90' lang='lat' dir='ltr'><strong>se-</strong></span> 
     </span>
     <span class='ocr_line' id='line_1_24' title="bbox 191 2622 1068 2708; baseline 0 -18"><span class='ocrx_word' id='word_1_191' title='bbox 191 2633 301 2708; x_wconf 82' lang='lat' dir='ltr'><strong>quatur</strong></span> <span class='ocrx_word' id='word_1_192' title='bbox 323 2625 372 2688; x_wconf 86' lang='lat' dir='ltr'><strong>vel</strong></span> <span class='ocrx_word' id='word_1_193' title='bbox 395 2643 550 2689; x_wconf 88' lang='lat' dir='ltr'><strong>connexus</strong></span> <span class='ocrx_word' id='word_1_194' title='bbox 572 2632 611 2690; x_wconf 90' lang='lat' dir='ltr'><strong>sit</strong></span> <span class='ocrx_word' id='word_1_195' title='bbox 632 2645 700 2690; x_wconf 84' lang='lat' dir='ltr'><strong>cum</strong></span> <span class='ocrx_word' id='word_1_196' title='bbox 723 2623 911 2690; x_wconf 80' lang='lat' dir='ltr'><strong>matrimonio</strong></span> <span class='ocrx_word' id='word_1_197' title='bbox 935 2625 1025 2690; x_wconf 91' lang='lat' dir='ltr'><strong>nullo.</strong></span> <span class='ocrx_word' id='word_1_198' title='bbox 1039 2622 1068 2701; x_wconf 76' lang='grc'><strong>3)</strong></span> 
     </span>
    </p>
   </div>
   <div class='ocr_carea' id='block_1_3' title="bbox 433 2779 1091 2965">
    <p class='ocr_par' dir='ltr' id='par_1_6' title="bbox 433 2779 1091 2965">
     <span class='ocr_line' id='line_1_25' title="bbox 730 2779 829 2846; baseline -0.04 0"><span class='ocrx_word' id='word_1_199' title='bbox 730 2832 736 2846; x_wconf 92' lang='grc'><strong>.</strong></span> <span class='ocrx_word' id='word_1_200' title='bbox 760 2779 829 2844; x_wconf 65' lang='lat' dir='ltr'><strong>dh·</strong></span> 
     </span>
     <span class='ocr_line' id='line_1_26' title="bbox 433 2790 1091 2965; baseline 0 -19"><span class='ocrx_word' id='word_1_201' title='bbox 433 2885 466 2957; x_wconf 84' lang='lat'><strong>2)</strong></span> <span class='ocrx_word' id='word_1_202' title='bbox 485 2887 536 2948; x_wconf 87' lang='lat' dir='ltr'><strong>De</strong></span> <span class='ocrx_word' id='word_1_203' title='bbox 554 2790 864 2965; x_wconf 54' lang='lat' dir='ltr'><strong>parochogproprio</strong></span> <span class='ocrx_word' id='word_1_204' title='bbox 884 2889 919 2947; x_wconf 87' lang='lat' dir='ltr'><strong>et</strong></span> <span class='ocrx_word' id='word_1_205' title='bbox 936 2885 1091 2946; x_wconf 84' lang='lat' dir='ltr'><strong>testibus.</strong></span> 
     </span>
    </p>
   </div>
   <div class='ocr_carea' id='block_1_4' title="bbox 144 3005 1365 3705">
    <p class='ocr_par' dir='ltr' id='par_1_7' title="bbox 170 3005 1365 3381">
     <span class='ocr_line' id='line_1_27' title="bbox 170 3005 1330 3090; baseline -0.003 -19"><span class='ocrx_word' id='word_1_206' title='bbox 170 3005 174 3011; x_wconf 78' lang='grc'><strong>’</strong></span> <span class='ocrx_word' id='word_1_207' title='bbox 281 3007 301 3072; x_wconf 90' lang='lat' dir='ltr'><strong>l.</strong></span> <span class='ocrx_word' id='word_1_208' title='bbox 317 3006 453 3090; x_wconf 79' lang='lat' dir='ltr'><strong>Synodus</strong></span> <span class='ocrx_word' id='word_1_209' title='bbox 469 3009 548 3072; x_wconf 81' lang='lat' dir='ltr'><strong>Trid.</strong></span> <span class='ocrx_word' id='word_1_210' title='bbox 565 3014 720 3090; x_wconf 88' lang='lat' dir='ltr'><strong>praecipit,</strong></span> <span class='ocrx_word' id='word_1_211' title='bbox 745 3017 777 3072; x_wconf 92' lang='lat' dir='ltr'><strong>ut</strong></span> <span class='ocrx_word' id='word_1_212' title='bbox 794 3013 982 3074; x_wconf 88' lang='lat' dir='ltr'><strong>matrimonia</strong></span> <span class='ocrx_word' id='word_1_213' title='bbox 1000 3007 1215 3070; x_wconf 77' lang='lat' dir='ltr'><strong>contrahuntur</strong></span> <span class='ocrx_word' id='word_1_214' title='bbox 1232 3027 1330 3070; x_wconf 89' lang='lat' dir='ltr'><strong>coram</strong></span> 
     </span>
     <span class='ocr_line' id='line_1_28' title="bbox 194 3109 1365 3196; baseline 0 -24"><span class='ocrx_word' id='word_1_215' title='bbox 194 3109 323 3192; x_wconf 83' lang='lat' dir='ltr'><strong>parocho</strong></span> <span class='ocrx_word' id='word_1_216' title='bbox 335 3113 484 3190; x_wconf 85' lang='lat' dir='ltr'><strong>proprio;</strong></span> <span class='ocrx_word' id='word_1_217' title='bbox 506 3116 573 3194; x_wconf 92' lang='lat' dir='ltr'><strong>quis</strong></span> <span class='ocrx_word' id='word_1_218' title='bbox 596 3131 685 3194; x_wconf 91' lang='lat' dir='ltr'><strong>porro</strong></span> <span class='ocrx_word' id='word_1_219' title='bbox 707 3113 758 3175; x_wconf 88' lang='lat' dir='ltr'><strong>ille</strong></span> <span class='ocrx_word' id='word_1_220' title='bbox 780 3112 993 3196; x_wconf 79' lang='lat' dir='ltr'><strong>intelligendus</strong></span> <span class='ocrx_word' id='word_1_221' title='bbox 1016 3115 1066 3190; x_wconf 91' lang='lat' dir='ltr'><strong>sit,</strong></span> <span class='ocrx_word' id='word_1_222' title='bbox 1090 3109 1216 3172; x_wconf 78' lang='lat' dir='ltr'><strong>Consilii</strong></span> <span class='ocrx_word' id='word_1_223' title='bbox 1231 3109 1332 3172; x_wconf 89' lang='lat' dir='ltr'><strong>Patres</strong></span> <span class='ocrx_word' id='word_1_224' title='bbox 1364 3175 1365 3180; x_wconf 59' lang='grc'>,</span> 
     </span>
     <span class='ocr_line' id='line_1_29' title="bbox 194 3211 1333 3295; baseline -0.001 -18"><span class='ocrx_word' id='word_1_225' title='bbox 194 3231 256 3277; x_wconf 92' lang='lat' dir='ltr'><strong>non</strong></span> <span class='ocrx_word' id='word_1_226' title='bbox 278 3211 467 3274; x_wconf 88' lang='lat' dir='ltr'><strong>declararunt</strong></span> <span class='ocrx_word' id='word_1_227' title='bbox 474 3233 483 3288; x_wconf 91' lang='lat'>;</span> <span class='ocrx_word' id='word_1_228' title='bbox 511 3212 580 3276; x_wconf 91' lang='lat' dir='ltr'><strong>hinc</strong></span> <span class='ocrx_word' id='word_1_229' title='bbox 602 3233 692 3295; x_wconf 87' lang='lat' dir='ltr'><strong>super</strong></span> <span class='ocrx_word' id='word_1_230' title='bbox 714 3215 769 3279; x_wconf 92' lang='lat' dir='ltr'><strong>hac</strong></span> <span class='ocrx_word' id='word_1_231' title='bbox 791 3236 824 3277; x_wconf 93' lang='lat' dir='ltr'><strong>re</strong></span> <span class='ocrx_word' id='word_1_232' title='bbox 846 3220 1021 3276; x_wconf 89' lang='lat' dir='ltr'><strong>innumerae</strong></span> <span class='ocrx_word' id='word_1_233' title='bbox 1050 3230 1143 3294; x_wconf 89' lang='lat' dir='ltr'><strong>prope</strong></span> <span class='ocrx_word' id='word_1_234' title='bbox 1167 3211 1333 3294; x_wconf 88' lang='lat' dir='ltr'><strong>disceptio-</strong></span> 
     </span>
     <span class='ocr_line' id='line_1_30' title="bbox 195 3315 1332 3381; baseline -0.003 -1"><span class='ocrx_word' id='word_1_235' title='bbox 195 3334 249 3380; x_wconf 91' lang='lat' dir='ltr'><strong>nes</strong></span> <span class='ocrx_word' id='word_1_236' title='bbox 273 3319 420 3378; x_wconf 81' lang='lat' dir='ltr'><strong>excitatae</strong></span> <span class='ocrx_word' id='word_1_237' title='bbox 442 3322 520 3380; x_wconf 91' lang='lat' dir='ltr'><strong>sunt.</strong></span> <span class='ocrx_word' id='word_1_238' title='bbox 565 3315 611 3378; x_wconf 87' lang='lat' dir='ltr'><strong>Ex</strong></span> <span class='ocrx_word' id='word_1_239' title='bbox 633 3316 745 3380; x_wconf 90' lang='lat' dir='ltr'><strong>decreti</strong></span> <span class='ocrx_word' id='word_1_240' title='bbox 777 3324 875 3380; x_wconf 88' lang='lat' dir='ltr'><strong>tamen</strong></span> <span class='ocrx_word' id='word_1_241' title='bbox 897 3316 925 3381; x_wconf 86' lang='lat' dir='ltr'><strong>S.</strong></span> <span class='ocrx_word' id='word_1_242' title='bbox 950 3317 981 3379; x_wconf 81' lang='lat'><strong>0.</strong></span> <span class='ocrx_word' id='word_1_243' title='bbox 1005 3316 1035 3380; x_wconf 84' lang='lat' dir='ltr'><strong>C.</strong></span> <span class='ocrx_word' id='word_1_244' title='bbox 1065 3321 1095 3377; x_wconf 90' lang='lat' dir='ltr'><strong>et</strong></span> <span class='ocrx_word' id='word_1_245' title='bbox 1118 3315 1332 3380; x_wconf 87' lang='lat' dir='ltr'><strong>declarationi-</strong></span> 
     </span>
    </p>

    <p class='ocr_par' dir='ltr' id='par_1_8' title="bbox 192 3421 1089 3500">
     <span class='ocr_line' id='line_1_31' title="bbox 192 3421 1089 3500; baseline -0.007 -16"><span class='ocrx_word' id='word_1_246' title='bbox 192 3421 249 3484; x_wconf 88' lang='lat' dir='ltr'><strong>bus</strong></span> <span class='ocrx_word' id='word_1_247' title='bbox 272 3424 401 3482; x_wconf 88' lang='lat' dir='ltr'><strong>constat:</strong></span> <span class='ocrx_word' id='word_1_248' title='bbox 1080 3483 1089 3500; x_wconf 29' lang='lat'><em>⁶</em></span> 
     </span>
    </p>

    <p class='ocr_par' dir='ltr' id='par_1_9' title="bbox 144 3505 1333 3604">
     <span class='ocr_line' id='line_1_32' title="bbox 144 3505 1333 3604; baseline -0.003 -17"><span class='ocrx_word' id='word_1_249' title='bbox 144 3505 147 3512; x_wconf 38' lang='lat'><strong><em>¹</em></strong></span> <span class='ocrx_word' id='word_1_250' title='bbox 223 3521 257 3602; x_wconf 85' lang='lat'><strong>1)</strong></span> <span class='ocrx_word' id='word_1_251' title='bbox 280 3521 347 3586; x_wconf 90' lang='lat' dir='ltr'><strong>Non</strong></span> <span class='ocrx_word' id='word_1_252' title='bbox 366 3525 530 3602; x_wconf 89' lang='lat' dir='ltr'><strong>requiritur</strong></span> <span class='ocrx_word' id='word_1_253' title='bbox 549 3511 715 3602; x_wconf 84' lang='lat' dir='ltr'><strong>praesentia</strong></span> <span class='ocrx_word' id='word_1_254' title='bbox 739 3527 894 3604; x_wconf 89' lang='lat' dir='ltr'><strong>utriusque</strong></span> <span class='ocrx_word' id='word_1_255' title='bbox 916 3519 1048 3604; x_wconf 85' lang='lat' dir='ltr'><strong>parochi,</strong></span> <span class='ocrx_word' id='word_1_256' title='bbox 1073 3525 1099 3583; x_wconf 88' lang='lat' dir='ltr'><strong>si</strong></span> <span class='ocrx_word' id='word_1_257' title='bbox 1122 3521 1333 3586; x_wconf 88' lang='lat' dir='ltr'><strong>contrahentes</strong></span> 
     </span>
    </p>

    <p class='ocr_par' dir='ltr' id='par_1_10' title="bbox 280 3623 1332 3705">
     <span class='ocr_line' id='line_1_33' title="bbox 280 3623 1332 3705; baseline 0 -17"><span class='ocrx_word' id='word_1_258' title='bbox 280 3629 340 3688; x_wconf 92' lang='lat' dir='ltr'><strong>sint</strong></span> <span class='ocrx_word' id='word_1_259' title='bbox 361 3624 549 3688; x_wconf 87' lang='lat' dir='ltr'><strong>diversarum</strong></span> <span class='ocrx_word' id='word_1_260' title='bbox 573 3625 793 3705; x_wconf 87' lang='lat' dir='ltr'><strong>parochiarum,</strong></span> <span class='ocrx_word' id='word_1_261' title='bbox 826 3626 879 3688; x_wconf 87' lang='lat' dir='ltr'><strong>sed</strong></span> <span class='ocrx_word' id='word_1_262' title='bbox 903 3623 1013 3689; x_wconf 88' lang='lat' dir='ltr'><strong>sullicit</strong></span> <span class='ocrx_word' id='word_1_263' title='bbox 1039 3629 1212 3703; x_wconf 86' lang='lat' dir='ltr'><strong>praesentia</strong></span> <span class='ocrx_word' id='word_1_264' title='bbox 1244 3627 1332 3689; x_wconf 89' lang='lat' dir='ltr'><strong>solius</strong></span> 
     </span>
    </p>
   </div>
   <div class='ocr_carea' id='block_1_5' title="bbox 193 3746 400 3758">
    <p class='ocr_par' dir='ltr' id='par_1_11' title="bbox 193 3746 400 3758">
     <span class='ocr_line' id='line_1_34' title="bbox 193 3746 400 3758; baseline -0.014 0"><span class='ocrx_word' id='word_1_265' title='bbox 193 3746 400 3758; x_wconf 54' lang='lat' dir='ltr'><strong>wne-—</strong></span> 
     </span>
    </p>
   </div>
   <div class='ocr_carea' id='block_1_6' title="bbox 222 3791 636 3860">
    <p class='ocr_par' dir='ltr' id='par_1_12' title="bbox 222 3791 636 3860">
     <span class='ocr_line' id='line_1_35' title="bbox 222 3791 636 3860; baseline 0.014 -17"><span class='ocrx_word' id='word_1_266' title='bbox 222 3795 244 3860; x_wconf 86' lang='lat'><strong>¹)</strong></span> <span class='ocrx_word' id='word_1_267' title='bbox 263 3792 372 3847; x_wconf 81' lang='lat' dir='ltr'><strong>institut.</strong></span> <span class='ocrx_word' id='word_1_268' title='bbox 390 3791 489 3848; x_wconf 82' lang='lat' dir='ltr'><strong>Euclea.</strong></span> <span class='ocrx_word' id='word_1_269' title='bbox 507 3795 548 3849; x_wconf 76' lang='grc'><strong>46.</strong></span> <span class='ocrx_word' id='word_1_270' title='bbox 568 3809 593 3846; x_wconf 89' lang='lat' dir='ltr'><strong>u.</strong></span> <span class='ocrx_word' id='word_1_271' title='bbox 612 3797 636 3849; x_wconf 78' lang='lat'><strong>3.</strong></span> 
     </span>
    </p>
   </div>
   <div class='ocr_carea' id='block_1_7' title="bbox 221 3879 840 4036">
    <p class='ocr_par' dir='ltr' id='par_1_13' title="bbox 221 3879 840 4036">
     <span class='ocr_line' id='line_1_36' title="bbox 221 3879 730 3950; baseline 0.002 -18"><span class='ocrx_word' id='word_1_272' title='bbox 221 3883 245 3947; x_wconf 80' lang='lat'><strong>²)</strong></span> <span class='ocrx_word' id='word_1_273' title='bbox 263 3879 403 3950; x_wconf 78' lang='lat' dir='ltr'><strong>Schmalug.</strong></span> <span class='ocrx_word' id='word_1_274' title='bbox 421 3879 463 3934; x_wconf 88' lang='lat' dir='ltr'><strong>lib.</strong></span> <span class='ocrx_word' id='word_1_275' title='bbox 482 3881 507 3932; x_wconf 77' lang='lat' dir='ltr'><strong>l.</strong></span> <span class='ocrx_word' id='word_1_276' title='bbox 526 3883 562 3932; x_wconf 88' lang='lat' dir='ltr'><strong>tit.</strong></span> <span class='ocrx_word' id='word_1_277' title='bbox 581 3880 605 3932; x_wconf 84' lang='lat'><strong>3.</strong></span> <span class='ocrx_word' id='word_1_278' title='bbox 627 3897 652 3932; x_wconf 88' lang='lat' dir='ltr'><strong>n.</strong></span> <span class='ocrx_word' id='word_1_279' title='bbox 672 3881 730 3934; x_wconf 79' lang='lat'><strong>125.</strong></span> 
     </span>
     <span class='ocr_line' id='line_1_37' title="bbox 225 3963 840 4036; baseline 0 -18"><span class='ocrx_word' id='word_1_280' title='bbox 225 3963 249 4036; x_wconf 83' lang='lat'><strong>⁸)</strong></span> <span class='ocrx_word' id='word_1_281' title='bbox 267 3965 394 4028; x_wconf 69' lang='lat' dir='ltr'><strong>Scholion,</strong></span> <span class='ocrx_word' id='word_1_282' title='bbox 414 3983 439 4034; x_wconf 87' lang='lat' dir='ltr'><strong>p.</strong></span> <span class='ocrx_word' id='word_1_283' title='bbox 458 3967 482 4018; x_wconf 86' lang='lat'><strong>2.</strong></span> <span class='ocrx_word' id='word_1_284' title='bbox 501 3964 533 4016; x_wconf 89' lang='lat' dir='ltr'><strong>de</strong></span> <span class='ocrx_word' id='word_1_285' title='bbox 550 3981 636 4033; x_wconf 91' lang='lat' dir='ltr'><strong>spons.</strong></span> <span class='ocrx_word' id='word_1_286' title='bbox 655 3982 677 4018; x_wconf 88' lang='lat' dir='ltr'><strong>c.</strong></span> <span class='ocrx_word' id='word_1_287' title='bbox 696 3968 720 4018; x_wconf 87' lang='grc'><strong>5.</strong></span> <span class='ocrx_word' id='word_1_288' title='bbox 739 3981 764 4018; x_wconf 91' lang='lat' dir='ltr'><strong>n.</strong></span> <span class='ocrx_word' id='word_1_289' title='bbox 784 3967 840 4020; x_wconf 83' lang='grc'><strong>168.</strong></span> 
     </span>
    </p>
   </div>
   <div class='ocr_carea' id='block_1_8' title="bbox 0 0 1396 4664">
    <p class='ocr_par' dir='ltr' id='par_1_14' title="bbox 0 0 1396 4664">
     <span class='ocr_line' id='line_1_38' title="bbox 0 0 1396 4664; baseline 0 0"><span class='ocrx_word' id='word_1_290' title='bbox 0 0 1396 4664; x_wconf 95' lang='lat' dir='ltr'><strong> </strong></span> 
     </span>
    </p>
   </div>
  </div>
 </body>
</html>
