2758 4664
506 229 544 285 lle
560 229 649 286 Cauris
666 229 900 287 matrimonialium.

676 501 703 568 8.
732 491 783 558 59.

161 679 162 683 ,
215 629 267 691 De
285 625 488 688 executione
506 623 807 699 dispensationum
825 640 851 686 e.
870 625 1165 688 Poenitentlariee
1184 639 1250 686 seu

585 709 623 770 in
640 709 716 770 toro
733 709 883 772 interm.

251 853 274 918 l.
298 851 328 918 S.
357 851 588 916 Paenitentiaria
622 849 699 914 solet
733 851 974 934 dispensationes
1003 871 1057 938 pro
1090 855 1156 922 loro
1186 859 1309 917 interno

167 961 298 1042 dirigere
320 955 357 1021 ad
378 955 529 1018 vicarium
552 951 730 1016 Generalcm
752 955 832 1018 illius
855 955 1022 1034 dioecesis,
1052 957 1100 1022 ubi
1124 959 1209 1042 degit
1231 977 1308 1040 pro-

166 1067 285 1128 curator
313 1059 560 1140 dispensationis3
591 1057 628 1119 ad
659 1060 755 1139 ipsum
788 1063 881 1142 igitur
916 1063 1034 1124 litterae
1065 1062 1304 1143 dispensationis

166 1164 268 1230 aVic.
293 1159 430 1224 Genereli
459 1165 634 1234 mittuntur,
663 1165 695 1222 ut
718 1168 854 1226 oratores
887 1163 925 1226 de
956 1163 1096 1228 facultate
1126 1165 1184 1230 sibi
1216 1165 1308 1228 allata

167 1273 311 1332 certiores
333 1263 482 1344 redderet,
507 1262 695 1344 quaerendo,
720 1283 809 1346 quom
833 1267 1049 1330 confessarium
1073 1287 1127 1352 pro
1150 1288 1188 1334 ea
1209 1287 1309 1350 expe-

166 1373 274 1436 dienda
297 1369 463 1454 elegerint3
487 1367 583 1428 electo
606 1365 675 1428 dein
698 1365 769 1430 huic
791 1370 993 1452 confessario,
1017 1376 1067 1454 qui
1091 1376 1209 1456 etipse
1232 1390 1309 1452 pro-

172 1480 293 1539 curator
315 1491 383 1536 esse
404 1475 519 1552 potest,
549 1469 666 1531 litterae
689 1476 757 1532 sunt
780 1471 958 1552 tradendae,
988 1479 1020 1537 ut
1043 1493 1095 1539 cas
1117 1479 1253 1560 aperiat,
1278 1483 1310 1538 et

166 1595 274 1644 munus
295 1577 352 1641 sibl
374 1578 564 1637 commissum
588 1570 688 1635 debito
711 1573 801 1637 modo
826 1573 1000 1658 adimpleat,
1023 1581 1056 1641 in
1079 1577 1308 1660 dispensatione

165 1686 224 1745 rite
246 1683 420 1742 examinans
447 1676 594 1740 clausulas
617 1681 778 1758 appositas,
803 1696 842 1739 ex
864 1679 971 1758 quibus
993 1687 1171 1762 praecipuae
1195 1685 1284 1743 sunt:

201 1781 233 1862 1)
256 1783 317 1864 „Si
337 1784 381 1844 tta
404 1788 460 1858 est,
482 1781 513 1842 si
517 1799 628 1860 preces
640 1785 771 1842 acritate
793 1783 967 1846 attaatar.“
990 1780 1026 1843 Vi
1040 1781 1129 1866 hujus
1152 1784 1307 1848 clausulae

255 1883 455 1968 indagandum
480 1890 525 1947 est
547 1883 664 1963 sedulo,
688 1903 726 1946 an
750 1889 971 1948 matrimonium
994 1891 1026 1948 in
1049 1885 1128 1950 facie
1151 1887 1307 1950 Ecclesiae

254 1992 293 2054 sit
316 1993 520 2066 contractum,
543 2006 581 2049 an
602 1986 849 2068 impedimentum
872 1993 911 2050 sit
933 1988 1103 2069 occultum,
1126 2008 1165 2052 an
1189 2008 1229 2051 ex
1251 2007 1307 2052 se-

254 2095 411 2174 paratione
433 2089 604 2152 scandalum
627 2095 778 2170 sequatur,
804 2091 924 2153 demum
947 2111 984 2156 an
1007 2091 1207 2156 causallnalis
1229 2091 1307 2166 sub-

255 2200 348 2262 sistat.
393 2191 423 2256 Si
446 2210 575 2256 examen
596 2191 654 2254 hoc
676 2197 847 2272 omittatur,
871 2201 902 2256 et
923 2213 1029 2278 preces
1051 2199 1178 2258 veritate
1202 2200 1308 2258 nitan-

257 2306 323 2380 tur,
357 2297 539 2380 dispensatio
562 2295 656 2360 adhuc
679 2296 776 2359 valida
801 2302 882 2374 erit,
916 2302 974 2360 nisi
1006 2299 1140 2364 clausula
1173 2317 1308 2381 sequens

253 2403 362 2466 litteris
384 2405 495 2464 inserta
517 2401 654 2484 legatur:
677 2399 863 2478 „Quatenus
885 2404 916 2464 si
936 2405 980 2464 ila
1003 2422 1071 2464 csse
1089 2423 1149 2487 per
1170 2403 1309 2483 diliqen-

253 2507 473 2568 temeratoris
496 2507 755 2567 examinationem
778 2507 974 2570 inveneris“l
996 2525 1064 2568 nam
1087 2505 1309 2568 haecclausula

255 2613 352 2674 irritat
375 2609 640 2690 dispensationem,
664 2611 689 2670 si
713 2626 839 2670 examen
850 2613 1111 2690 praetermittatur,
1135 2613 1208 2692 quia
1231 2614 1308 2672 tan-

257 2731 344 2794 quam
368 2711 504 2776 conditio
527 2715 697 2794 requiritur.
709 2708 734 2786 ¹)

195 2815 230 2896 2)
251 2815 391 2894 „Audita
415 2817 508 2895 price
539 2815 760 2877 sacramentali
789 2811 1017 2890 confessicae.“
1071 2813 1147 2876 Hinc
1184 2821 1302 2878 certum

251 2927 307 3000 est,
330 2917 410 3002 quod
431 2917 519 2981 hodie
541 2919 584 2981 ad
604 2920 740 2980 calorem
762 2917 1002 3000 dispensationis
1010 2921 1079 2980 ante
1090 2921 1305 2980 executionem

252 3021 401 3085 confessio
425 3023 645 3084 sacramentalis
668 3021 764 3082 alecto
793 3024 946 3082 executori
970 3019 1107 3083 facienda
1130 3025 1303 3100 requiratur

251 3131 392 3204 tanquam
407 3125 547 3200 conditio,
570 3129 688 3188 tametsi
703 3127 859 3206 poenitens
879 3142 898 3197 a
915 3126 1046 3204 peccatis
1063 3129 1126 3186 suis
1137 3123 1203 3205 jam
1215 3121 1308 3186 fuerit

253 3225 406 3316 absolutus
439 3247 495 3290 nec
523 3231 636 3310 peccati
665 3232 766 3311 gravis
794 3226 832 3288 de
858 3225 936 3288 iacto
965 3225 1021 3288 sibi
1052 3231 1193 3290 conscius
1217 3223 1305 3307 sit.²)

175 3313 177 3320 Α
252 3333 443 3412 Dispensatio
466 3337 565 3396 lamen
588 3329 685 3392 valida
708 3335 785 3405 erit,
808 3333 924 3392 etiamsi
948 3334 1119 3414 contingat,
1143 3335 1308 3411 poeniten-

253 3440 315 3496 tem
347 3434 495 3517 sacn'lege
527 3435 698 3497 contessum
729 3450 796 3496 esso
826 3439 856 3494 et
878 3433 1099 3496 absolutionem
1130 3439 1307 3516 recepisse3

251 3536 358 3618 quodsi
380 3537 581 3601 confessarius
604 3538 738 3602 advertat
749 3541 952 3618 poenitentem
976 3555 1014 3598 ex
1037 3555 1090 3599 sua
1103 3536 1304 3618 dispositione

253 3631 424 3721 apeccatis
453 3639 566 3703 absolvi
596 3660 656 3705 non
679 3659 785 3722 posse,
816 3658 920 3702 curare
950 3639 1053 3717 debet,
1082 3641 1214 3704 eundem
1246 3646 1305 3706 rite

253 3745 422 3826 disponere,
447 3743 496 3804 vel
518 3749 543 3806 st
565 3744 683 3826 disponi
706 3749 836 3826 nequeat
856 3749 889 3807 in
911 3747 1072 3828 praesenti,
1098 3747 1308 3813 unacumub-

170 3873 389 3997 ml.
407 3931 479 3998 Eyst.
498 3948 522 3998 p.
540 3931 598 3984 328.

197 4017 220 4086 ²)
236 4013 366 4074 Benedict
383 4016 448 4076 xlv.
465 4018 541 4076 tuerit
559 4017 601 4075 87.
620 4019 644 4088 s.
661 4017 868 4092 „Disceptadaal
884 4019 973 4078 otiam
