2742 4660
257 188 294 241 De
312 191 481 251 matrimonio,
500 197 622 259 quatenus
642 198 679 240 eat
697 191 893 243 Sacramentum.
1113 177 1150 242 15

15 371 132 450 urgeri,
156 363 209 427 sed
232 369 331 446 potius
350 366 436 444 juxta
459 364 628 448 analogiam
651 365 790 448 intelligi.
836 365 926 444 „Non
950 373 1084 451 oportet,
1110 363 1150 430 ait
1216 399 1227 408 ·

15 469 232 544 Bellarminus,
261 472 349 529 nimis
377 472 467 530 anxie
497 469 666 548 discutere,
696 489 733 530 an
763 476 823 534 tota
853 475 930 533 ratio
954 475 1096 532 materiae
1119 476 1149 531 et

14 563 128 635 lormae
151 577 311 634 conveniat
339 571 472 654 partibus
494 570 697 651 sacramenti,
733 576 801 653 quia
834 591 894 635 oon
924 571 1063 655 physice,
1095 573 1148 635 sed

12 677 166 738 moraliter
182 675 372 737 Sacramenta
396 695 412 736 a
431 675 592 758 theologis
616 673 833 738 consideranda
856 683 960 739 sunt.“
985 678 1003 740 l.
1022 695 1046 740 c.
1072 677 1148 740 Hinc

9 785 37 840 io
63 779 266 842 sacramentis
290 778 361 840 nihil
391 778 470 840 aliud
495 777 656 862 significari
681 779 744 840 vult
773 765 826 860 pei·
850 784 1003 843 materiam
1028 783 1057 842 et
1081 781 1147 844 lor-

10 904 107 962 mam,
144 901 232 962 quam
257 899 324 943 esse
348 881 458 962 aliquid
481 887 512 944 in
535 881 614 960 illis,
646 884 724 950 sicat
752 886 783 942 in
807 881 938 963 physicis
962 888 1145 964 compositis,

10 987 90 1067 quod
123 1005 177 1066 per
206 1004 240 1047 se
265 1003 324 1045 uon
348 989 394 1047 est
417 983 663 1063 determinatum,
689 989 718 1045 et
741 981 836 1063 aliod,
862 985 941 1066 quod
965 986 1145 1051 determinat

10 1090 42 1150 ad
67 1089 214 1165 unom.¹)

94 1191 132 1256 ll.
158 1191 230 1254 Cum
246 1191 380 1254 Christos
398 1192 554 1266 Dominus,
579 1197 610 1252 ut
633 1207 721 1272 supra
745 1209 890 1254 exsensu
908 1193 997 1257 Cone.
1011 1193 1144 1258 'trident

10 1309 35 1357 at
59 1295 211 1359 catechis.
235 1293 321 1356 Rom.
346 1295 494 1369 diximus,
527 1293 751 1356 Sacramentum
775 1301 954 1358 matrimonii
982 1300 1145 1360 instituens

11 1401 79 1461 nihii
96 1401 305 1462 immutaverit
327 1401 356 1458 in
379 1402 510 1460 essentia
529 1397 654 1459 naturali
669 1402 857 1472 matrimonii,
880 1397 977 1462 addita
992 1401 1028 1462 ad
1051 1399 1145 1478 illam,

9 1509 45 1564 uti
79 1508 204 1587 siguum
236 1500 354 1562 visibile
385 1500 587 1578 Sacramenti,
619 1499 763 1563 duntaxat
785 1499 819 1564 N.
844 1501 878 1565 T.
901 1508 1011 1585 gratia,
1035 1521 1088 1584 per
1110 1521 1143 1565 se

9 1613 96 1686 patet,
122 1605 208 1682 illud,
232 1604 311 1684 quod
335 1609 490 1666 constituit
513 1609 750 1682 matrimonium,
775 1609 922 1686 quatenus
945 1611 991 1668 est
1014 1608 1144 1688 conjon-

9 1716 63 1772 ctio
100 1709 246 1770 maritalis
279 1727 317 1768 ex
349 1725 499 1770 consensu
533 1707 768 1770 comminantium
799 1707 965 1788 procedens
988 1727 1042 1771 seu
1066 1728 1144 1772 con-

10 1819 130 1891 tractus,
156 1816 340 1875 constituere
356 1816 445 1873 eiiam
468 1815 563 1873 totum
582 1811 694 1874 morale
711 1817 911 1893 compositum
934 1815 1014 1896 signi
1032 1811 1143 1878 Sacra-

11 1921 107 1979 menii.
159 1908 191 1976 ln
216 1915 424 1978 matrimoniali
449 1921 549 1976 autem
573 1921 747 1991 contractu,
779 1920 856 1979 sicut
877 1921 909 1980 io
931 1915 1016 1996 aliis,
1048 1921 1143 1980 utsii

10 2039 95 2083 rarus
120 2024 153 2080 et
175 2018 311 2096 validos,
344 2023 398 2080 iria
426 2022 587 2100 praecipue
615 2023 808 2100 requiruntur
832 2017 867 2095 i)
891 2026 923 2081 ut
944 2037 995 2082 res
1021 2025 1073 2094 aut
1090 2020 1141 2100 jus

11 2124 127 2205 aliquod
152 2127 202 2201 sit,
227 2122 263 2182 de
287 2139 346 2202 quo
372 2120 572 2196 contrahitur;
595 2122 631 2197 2)
655 2125 753 2183 cessio
776 2139 831 2183 seu
855 2122 973 2186 traditio
992 2124 1072 2204 juris
1094 2123 1143 2184 vel

11 2233 47 2288 rei
81 2233 164 2288 inter
194 2225 417 2297 contrahentem
454 2221 490 2298 3)
518 2225 594 2287 liber
617 2215 783 2287 conseos'os
806 2229 836 2284 et
866 2223 1081 2288 determinatus
1112 2229 1141 2287 in

11 2331 78 2394 lanc
111 2330 313 2392 traditionem.
359 2327 388 2389 Si
422 2347 497 2412 ergo
520 2333 673 2410 quaeritur
705 2327 741 2390 de
765 2327 830 2406 his,
857 2346 933 2406 quae
957 2333 1144 2391 constituunt

12 2439 179 2498 necessaria
197 2433 232 2498 ad
251 2432 475 2496 Sacramentum
490 2437 682 2512 matrimonii,
694 2433 754 2496 illis
766 2437 957 2507 assentimus,
969 2437 1018 2512 qui
1035 2431 1145 2494 docent

13 2558 133 2620 corpora
161 2535 398 2601 contrahentium
422 2553 477 2597 seu
501 2541 600 2616 potius
618 2538 668 2618 jus
691 2538 728 2600 ad
751 2553 876 2616 corpora
899 2543 930 2596 ei
952 2535 1143 2598 traditionem

11 2643 82 2704 iilius
101 2643 184 2722 juris
208 2646 339 2702 mutuam
363 2638 554 2719 aliquomodo
578 2639 725 2720 lactam²J
748 2657 817 2702 esse
831 2643 984 2702 materiam
998 2642 1143 2700 remotam

14 2751 36 2804 et
57 2749 227 2826 proximam
251 2744 452 2820 Sacramenli,
483 2745 551 2824 quia
582 2748 612 2804 in
643 2742 689 2807 his
712 2743 823 2826 aliquid
846 2743 1026 2805 discernitur
1048 2743 1144 2822 magis

14 2855 36 2908 et
58 2855 161 2911 minus
184 2845 464 2924 indeterminatum,
493 2865 675 2910 concensom
700 2867 773 2910 vero
801 2851 831 2908 in
862 2843 1053 2908 traditionem
1077 2861 1145 2905 esse

34 3107 52 3171 ¹)
70 3105 175 3158 Materia
195 3107 299 3171 insuper
317 3105 525 3174 subdistinguitur
543 3107 567 3155 in
587 3111 709 3155 reorotam
729 3111 753 3153 et
772 3106 910 3172 proximam
931 3109 1004 3170 prout
1021 3111 1047 3152 et
1065 3104 1145 3172 magis

75 3193 117 3244 vel
137 3195 221 3242 axinus
240 3191 440 3244 indeterminata.
1022 3195 1025 3200 '

35 3282 54 3344 ²)
74 3280 154 3330 Sicuti
181 3280 208 3328 in
232 3285 361 3328 contractu
388 3281 578 3346 perrrrutationis
603 3280 704 3330 materia
732 3286 828 3328 remota
852 3285 890 3328 est
914 3293 954 3328 res
973 3275 1147 3344 permutanda,

74 3375 100 3416 et
119 3366 226 3415 materia
245 3365 356 3430 proxima
377 3373 414 3414 est
433 3365 537 3415 actualis
557 3382 639 3418 rerum
660 3364 771 3426 iraditio,
791 3367 826 3414 sic
845 3366 963 3415 etiamid
982 3364 1148 3425 matrimonio,

75 3455 101 3502 in
122 3466 172 3519 quo
187 3449 231 3516 jus
252 3451 276 3499 in
295 3467 399 3518 corpora
420 3453 486 3502 inter
505 3450 625 3519 conjuges
645 3458 863 3518 permutatum...
896 3449 967 3502 Adde
985 3449 1052 3518 quod
1072 3453 1146 3502 etiarn

75 3542 101 3588 in
116 3537 300 3604 permutatione
318 3543 343 3584 et
361 3535 415 3585 aliis
432 3535 609 3598 contractibus,
628 3538 652 3586 in
668 3536 758 3605 quihus
770 3537 919 3588 transfertur
935 3535 976 3601 jus
996 3539 1021 3588 in
1041 3553 1078 3598 re,
1096 3551 1146 3586 non

75 3625 222 3693 requiratur
240 3619 339 3672 traditio
359 3619 465 3692 physica
484 3631 509 3673 et
528 3639 597 3686 vera,
617 3621 660 3672 sed
676 3621 782 3673 sirliiciat
798 3621 906 3686 juridica
921 3631 946 3673 et
962 3621 1147 3691 aequipollens

75 3727 101 3760 r.
124 3727 147 3778 g.
167 3725 213 3775 per
231 3709 407 3768 constitutum,
427 3710 608 3777 signationem,
633 3711 802 3760 ostensionem
823 3711 861 3761 vol
881 3707 1020 3776 symbolum
1040 3709 1075 3757 rei
1095 3715 1147 3756 tra-

75 3797 159 3846 ditae:
197 3793 260 3845 Cum
288 3797 364 3864 igitur
394 3799 418 3846 in
449 3798 608 3848 matrimonio
632 3811 732 3866 quoque
762 3797 913 3847 interveniat
938 3791 1031 3862 aliquid
1056 3792 1146 3854 cliniis,

74 3883 143 3933 haec
166 3881 264 3932 traditio
289 3884 347 3934 satis
371 3885 420 3936 erit
443 3881 473 3934 ad
492 3883 625 3934 essentiam
644 3884 803 3934 matrimonii.
822 3881 945 3934 Schmier.
965 3879 1008 3929 lib.
1029 3880 1052 3929 t.
1073 3885 1101 3928 ir.
1121 3881 1144 3930 2.

67 3986 98 4028 ,ε.
121 3969 146 4018 2.
164 3984 189 4018 a.
209 3969 250 4020 33.
