2758 4664
174 204 239 274 228
301 215 307 236 “
539 217 682 274 itacensis
700 215 930 276 atramentarium

259 377 379 462 probari
413 383 511 459 queat.
565 379 744 441 Notortetos
776 378 864 454 joras
899 396 954 460 per
988 383 1169 442 senteutiam
1203 378 1315 462 judicis

260 483 394 546 habetur.

192 586 241 664 2)
263 585 453 648 Manifestum
477 591 534 665 est,
558 583 638 666 quod
662 601 722 646 non
747 589 805 646 tam
829 584 918 648 facile
931 601 985 666 per
1008 589 1100 648 testes
1121 585 1313 650 immediatos

259 689 379 770 probari
402 694 516 769 potest3
543 687 628 765 hine,
659 693 692 748 ut
713 687 826 767 aliquid
849 693 888 750 sit
914 687 1120 768 manifestum,
1155 693 1314 770 pauciores

258 797 352 855 testes
383 795 415 854 in
447 795 660 854 communitate
693 794 832 852 viventes
866 795 1083 872 requirentem
1114 791 1314 870 manifestem

259 899 354 978 igitur
375 894 537 978 regulatur,
562 893 660 975 quoad
684 893 742 955 toci
764 897 960 975 quantitatem
982 913 999 956 a
1021 898 1160 972 notorio3
1183 899 1209 957 si
1236 899 1313 956 enim

260 1000 416 1061 notorium
445 1001 569 1078 requirit
598 1001 631 1059 in
659 997 762 1077 alique
794 997 861 1059 loeo
894 1001 1050 1059 seientiam
1084 1017 1109 1062 v.
1141 1017 1171 1082 g.
1207 997 1311 1059 decem

259 1100 427 1180 hominum,
457 1100 646 1162 manifestum
669 1105 791 1180 expetet
812 1103 962 1180 quinque3
993 1103 1018 1162 si
1040 1104 1198 1164 notoriam
1221 1103 1311 1181 quine

259 1203 357 1266 decim
380 1209 485 1288 exigit,
507 1201 706 1280 manifestum
728 1203 855 1266 admittit
879 1210 993 1284 septem
1007 1201 1042 1279 ¹).

156 1383 171 1394 ο
203 1306 239 1384 3)
262 1307 395 1370 Fumone
416 1313 514 1370 autem
547 1306 656 1368 dicitur
684 1324 751 1383 res,
784 1309 815 1367 in
839 1306 1021 1386 conjecturis
1054 1305 1173 1387 qudem
1206 1310 1311 1387 posita,

259 1410 313 1474 sed
335 1411 411 1476 adeo
434 1410 605 1492 divulgata,
635 1414 668 1470 ut
689 1407 837 1490 eJusmndi
859 1408 977 1488 publica
999 1412 1143 1489 opinione
1167 1410 1306 1492 neglectu

259 1534 399 1598 maguum
421 1513 492 1576 inde
514 1518 545 1575 in
563 1511 730 1596 jungendis
753 1515 864 1592 nuptiis
886 1510 1060 1574 scandalum
1084 1515 1207 1574 oriatur.

206 1614 243 1696 d)
265 1616 296 1682 Si
318 1617 563 1697 impedimentum
578 1615 753 1694 formaliter
764 1619 802 1676 sit
815 1612 977 1690 occultum,
1000 1614 1194 1678 materialiter
1209 1619 1314 1676 tamen

259 1719 470 1801 manifestum,
499 1720 526 1783 h.
552 1737 577 1784 e.
607 1725 632 1784 si
662 1719 811 1800 publicum
839 1723 877 1780 sit
907 1723 939 1780 ut
968 1717 1125 1795 delictum,
1157 1717 1309 1779 occuitum

260 1829 360 1886 tamen
382 1827 550 1888 iuratione
580 1823 785 1905 impedimenti
814 1821 885 1884 inde
906 1823 1124 1902 provenientis,
1147 1838 1174 1882 s,
1197 1819 1311 1882 Poeni-

259 1929 396 1989 tentinria
420 1931 451 1988 in
474 1945 510 1990 eo
529 1946 588 1989 non
612 1927 774 2008 dispensat,
798 1929 866 2005 quia
880 1924 952 1987 haec
976 1929 1022 1986 est
1040 1927 1213 2007 ignorantia
1222 1923 1310 2004 juris,

260 2047 337 2111 quae
360 2047 420 2093 non
443 2035 566 2091 excusat
588 2029 625 2092 ad
647 2027 727 2090 hunc
749 2026 932 2104 effectumii.

206 2133 242 2214 5)
265 2133 528 2214 impedimentum,
559 2133 638 2214 quod
661 2131 781 2213 quidem
811 2135 1004 2214 cognoscitur
1032 2134 1063 2192 in
1093 2147 1130 2192 en
1153 2129 1238 2207 loeo,
1262 2127 1311 2190 ubi

262 2242 448 2299 contractum
485 2236 558 2316 fuit,
595 2236 743 2300 occultum
780 2239 881 2296 tamen
916 2240 975 2314 est,
1017 2232 1067 2295 ubi
1100 2230 1312 2295 contrahentes

261 2341 389 2426 degunt,
422 2346 453 2402 et
475 2340 526 2402 ubi
549 2339 731 2424 dispensatio
760 2341 822 2418 ipsa
845 2338 1029 2416 conceditur,
1055 2329 1308 2416 nonnunquam³i

260 2445 410 2508 occultum
439 2444 623 2506 censendum
652 2449 712 2516 est;
740 2445 812 2503 item
843 2441 1105 2521 impedimentum,
1138 2438 1221 2520 quod
1256 2437 1311 2500 iuit

259 2547 419 2630 aliquande
452 2547 620 2627 publicum,
652 2544 848 2608 diuturnitate
882 2548 1025 2625 temporis
1061 2543 1212 2606 occultum
1245 2541 1311 2604 fieri

258 2657 377 2734 potest3
408 2654 440 2712 iu
469 2649 741 2732 dispensationibus
770 2652 951 2712 matrimonii
978 2647 1157 2710 decennium
1187 2644 1226 2708 nd
1254 2643 1311 2708 hoe

261 2752 415 2832 sufficiet).

259 2858 296 2924 11.
335 2860 368 2921 In
398 2858 500 2920 libello
527 2857 651 2938 supplici
681 2855 719 2918 ad
746 2853 963 2937 impetrandam
990 2873 1007 2916 a
1030 2871 1054 2915 s.
1077 2852 1311 2916 Paenitentian’a

175 2960 428 3042 dispensationem
440 2980 500 3025 non
514 2962 634 3044 quidem
652 2963 763 3037 omnia,
787 2962 904 3040 potiora
921 2963 1019 3020 tamen
1035 2959 1164 3036 exprimi
1184 2973 1311 3018 necesse

176 3069 239 3143 est,
275 3081 353 3145 quae
380 3071 411 3128 in
434 3066 651 3147 supplicatione
679 3061 716 3125 ad
738 3063 888 3124 Datariam
919 3079 973 3142 pro
1002 3059 1068 3124 iore
1098 3064 1229 3122 externo
1253 3076 1313 3120 ex-

175 3167 313 3248 ponenda
335 3175 420 3246 suut3
442 3167 595 3230 videlicet:

204 3334 227 3400 ¹)
245 3335 343 3404 Knopp.
363 3353 387 3404 p.
405 3335 464 3388 467.
484 3335 543 3386 lust
562 3339 624 3401 past.
644 3331 714 3400 Eyst.
732 3351 757 3402 p.
776 3331 834 3384 ³2³.

203 3421 373 3488 ²)Benedict.
392 3419 457 3472 XIV.
475 3421 550 3472 instit.
569 3420 610 3470 87.

191 3508 225 3602 ·³)
242 3507 370 3560 Benediet.
389 3507 454 3558 XIV.
476 3507 493 3558 i.
512 3522 534 3558 c.
552 3506 593 3556 87.
611 3508 636 3571 §.
659 3507 768 3556 seeundo
791 3508 992 3574 anquiruot.-
957 3502 1040 3555 -si
1067 3505 1141 3554 timor
1160 3501 1230 3554 haud
1249 3499 1313 3556 levir

244 3593 333 3657 ederit
351 3609 384 3644 ne
394 3591 612 3660 impedimentum
631 3607 677 3658 pre
694 3601 808 3658 tempore
820 3591 954 3653 oecultum
973 3597 1060 3656 postea
1078 3588 1207 3657 publicum
1227 3607 1312 3642 coram

242 3680 297 3732 inre
315 3687 417 3732 externo
437 3677 594 3745 probandum
613 3677 738 3742 evadat,
729 3694 782 3742 Jam
801 3677 832 3728 ab
851 3679 920 3727 initio
939 3675 970 3727 ad
985 3673 1109 3727 Deteriam
1128 3677 1313 3727 recurrendum

243 3773 291 3830 est,
317 3773 405 3832 utpote
428 3781 493 3834 quae
515 3763 547 3814 de
565 3762 668 3814 occultis
694 3766 767 3814 etiam
786 3763 972 3830 impedimentis
996 3763 1143 3830 dispensare
1161 3762 1248 3814 valeat
1267 3779 1313 3830 pre

243 3860 350 3921 utreque
373 3851 444 3914 iero,
467 3853 628 3918 praesertim,
654 3851 674 3899 si
699 3849 905 3916 impedimentum
932 3864 963 3899 ex
987 3845 1079 3903 delicte
1098 3848 1241 3904 infamente
1260 3865 1311 3900 non

243 3941 346 3989 oriatur.
380 3937 441 3988 lust.
460 3943 525 4005 past.
543 3933 614 4002 Epat.
633 3951 657 4004 p.
676 3934 734 3986 330.

201 4019 226 4093 ⁴)
243 4021 292 4073 atu
308 4031 402 4089 negant
419 4023 529 4073 omuino.
