2758 4664
37 195 44 205 '
186 207 251 274 242
510 307 518 326 .
555 218 593 274 De
611 221 699 276 (illusis
717 223 947 278 matrimonialibus.
987 251 991 258 ·

273 397 371 461 neque
394 381 497 456 petere
527 396 627 460 aeque
649 377 777 442 reddere
805 385 904 463 potest
926 381 1058 446 debitum
1082 385 1262 469 conjugale,
1290 403 1325 447 ac

272 481 397 565 proinde
413 487 579 562 moneatur,
604 488 637 544 ut
658 482 759 564 aliquo
782 484 871 548 modo
894 485 1031 564 copulam
1048 490 1163 550 evitare
1184 493 1324 564 conetur,

270 588 369 651 donec
390 584 574 666 dispensatio
597 585 775 650 obducatur.
787 586 812 664 ¹)

211 689 247 769 4)
269 689 396 764 Quando
413 687 621 751 Confessarius
644 707 683 750 ex
706 693 930 756 circumstantia
952 692 1051 773 aliqua
1072 697 1104 754 iu
1127 691 1323 756 confessione

268 793 356 856 allata
379 795 600 854 matrimonium
623 791 784 856 invalidum
806 812 875 857 esse
897 794 1047 878 intelligit,
1073 801 1145 875 quin
1160 801 1323 877 poenitens

268 916 308 959 ex
329 899 499 980 ignorantia
521 894 596 976 juris
618 895 648 956 id
669 901 787 976 resciat,
812 904 892 976 tuuc,
915 903 941 962 si
963 898 1208 979 impedimentum
1233 899 1320 962 alteri

268 1006 343 1083 parti
374 1001 501 1063 revelari
540 1006 638 1080 potest
666 1003 733 1062 sine
764 1004 933 1064 imminenti
964 1002 1096 1082 periculo
1124 1003 1261 1066 scandali
1290 1009 1320 1064 et

267 1109 381 1187 peccati
408 1104 541 1167 formalis
563 1103 632 1166 inde
655 1108 838 1183 exorientis,
869 1110 1033 1186 poenitenti
1064 1106 1184 1168 nullitas
1209 1109 1320 1169 matri-

265 1211 357 1272 monii
380 1206 544 1272 revelanda
566 1212 613 1268 est
635 1211 753 1287 ipsique
775 1207 1010 1291 injungendum,
1033 1215 1075 1286 ιιι,
1099 1209 1318 1289 impedimento

188 1350 191 1365 ι
262 1312 349 1376 alteri
372 1293 448 1392 pdrti
471 1309 622 1386 revelato,
647 1310 684 1371 ab
706 1329 763 1373 usu
785 1315 965 1374 matrimonii
988 1311 1136 1374 abstineat
1157 1330 1257 1392 usque
1280 1313 1317 1374 ad

262 1417 414 1479 obtentam
444 1412 688 1478 revalidalionem
696 1433 705 1490 3
737 1414 791 1476 sed
821 1419 846 1477 si
876 1416 1121 1496 impedimentum
1151 1415 1255 1478 taliter
1277 1435 1316 1478 ex

261 1520 373 1582 delicto
397 1522 569 1598 proveniat,
602 1521 634 1579 ut
657 1535 725 1596 pars
755 1521 902 1582 innocens
925 1520 1007 1582 nullo
1038 1518 1126 1581 modo
1154 1522 1313 1580 certiorari

262 1629 358 1704 possit
380 1622 418 1684 de
442 1621 578 1684 nullitate
601 1624 784 1696 matrimonii
812 1621 925 1703 absque
948 1622 1048 1684 delicti
1071 1623 1260 1686 revelatione
1283 1629 1313 1684 et

263 1733 393 1792 maximo
416 1730 550 1810 periculo
573 1723 703 1789 scandali
727 1730 795 1803 elo,
820 1731 890 1786 tuno
912 1729 943 1786 in
967 1725 1046 1788 bona
1069 1724 1128 1786 lide
1149 1730 1312 1806 poenitens

228 1881 230 1884 .
260 1839 306 1894 est
324 1830 546 1912 relinquendus,
571 1833 641 1910 quia
663 1833 818 1909 peccatum
842 1828 995 1890 materiale
1011 1834 1057 1890 est
1074 1833 1173 1890 minus
1189 1829 1311 1908 malum,

259 1953 348 2015 quam
383 1951 532 1998 summum
570 1931 736 2014 periculum
769 1929 904 1994 formalis
937 1935 1070 2012 peccati,
1106 1931 1312 1994 confessarius

258 2042 358 2099 autem
383 2036 472 2100 debet
493 2053 581 2118 quam
605 2037 733 2115 primum
757 2033 857 2114 aliquo
880 2033 969 2097 modo
991 2033 1162 2114 providere,
1186 2039 1220 2096 ut
1245 2053 1311 2096 mu-

256 2143 428 2203 trimonlum
450 2134 682 2214 revalidetur.²)

582 2358 586 2366 .
688 2309 716 2376 s.
738 2299 789 2366 64.

486 2427 515 2496 i)
542 2443 588 2495 per
606 2426 818 2494 dispensationem
837 2431 864 2478 ia
882 2427 979 2481 radice.

249 2566 271 2630 l.
294 2569 485 2650 Dispensatio
514 2571 546 2631 io
575 2568 682 2630 radice
714 2572 759 2628 est
788 2567 932 2630 relaxatio
962 2567 1040 2650 legis
1069 2567 1306 2646 ecclesiasticae,

165 2688 242 2752 quae
264 2672 509 2752 impedimentum
533 2669 665 2748 induxit,
690 2675 722 2731 in
745 2687 816 2732 casu
838 2669 1032 2750 particulari,
1056 2671 1219 2752 conjuncta
1244 2677 1304 2734 tum

162 2791 231 2836 cum
263 2778 443 2838 remissione
472 2773 667 2856 obligationis
697 2790 876 2836 consensum
906 2776 938 2834 ln
962 2776 1184 2836 matrimonium
1208 2791 1304 2838 renc-

160 2875 268 2954 vandi,
292 2882 355 2939 tum
377 2895 446 2939 oum
468 2879 636 2938 irritatione
659 2881 792 2938 omnium
816 2873 995 2955 effectuum,
1024 2881 1076 2956 qul
1098 2881 1189 2938 etiam
1213 2883 1302 2940 antea

159 2981 291 3066 exlege
318 2981 470 3046 subsecuti
502 2976 620 3057 sunt³).
665 2979 768 3058 Ratio,
800 2999 839 3041 ex
862 2996 920 3059 qua
942 2979 1112 3044 ostenditur
1133 2979 1300 3044 Ecclesiam

187 3167 214 3234 ¹)
227 3169 401 3237 impedimenti
426 3171 542 3221 conscius
570 3185 653 3236 neque
678 3176 764 3234 petere
790 3182 873 3234 neque
898 3165 1042 3234 persolvere
1066 3164 1179 3216 debitum
1208 3173 1298 3234 potest,

227 3253 288 3306 licet
305 3255 422 3319 infamia,
441 3273 486 3306 seu
504 3259 572 3308 vitae
592 3253 730 3322 periculum
749 3254 892 3315 immineat,
917 3253 953 3302 uli
971 3258 1069 3302 constat
1086 3267 1117 3301 ex
1134 3267 1191 3318 cap.
1210 3251 1298 3321 lnqui-

226 3343 319 3392 sitioue
342 3342 374 3394 de
398 3349 505 3394 sentent.
522 3340 584 3392 Exc.
609 3340 657 3404 „iu
680 3341 760 3406 primo
783 3355 858 3402 casu,
881 3335 982 3406 quando
1006 3336 1069 3387 alter
1094 3336 1232 3404 conjugum
1251 3352 1297 3405 pro

226 3436 294 3479 certo
312 3430 376 3480 sciat
393 3429 602 3497 impedimentum
621 3425 748 3493 conjugii,
772 3432 874 3492 propter
897 3423 963 3492 quod
988 3424 1043 3480 siue
1068 3430 1174 3491 peccato
1196 3424 1296 3475 mortali

225 3529 276 3564 nou
286 3515 369 3566 valeat
378 3514 481 3568 carnale
496 3515 675 3566 commercium
694 3514 839 3563 exercere.“
858 3509 944 3562 innoc.
959 3507 1003 3560 ill.
1021 3510 1058 3560 sio
1075 3511 1177 3560 statuit:
1194 3508 1295 3570 „Debet

226 3602 307 3667 polius
324 3602 590 3653 excommunicationis
608 3599 758 3651 sententiam
777 3597 904 3648 humiliter
921 3596 1060 3659 sustinere,
1077 3611 1153 3664 quam
1172 3611 1220 3663 per
1236 3611 1294 3647 oar·

224 3685 283 3736 nale
300 3691 477 3740 commercium
496 3694 628 3755 peccatum
647 3685 746 3753 operari
765 3684 896 3742 mortale,“
915 3680 1044 3734 Benedici.
1062 3681 1127 3735 xlv.
1145 3681 1207 3732 lust.
1226 3683 1269 3733 87.

183 3768 298 3836 ’)Ιιιιιι.
316 3781 409 3840 pastor.
427 3772 534 3838 Epstett.
552 3801 585 3810 -
604 3789 629 3840 p.
648 3771 706 3823 337.
725 3771 756 3821 cl.
775 3773 798 3836 s.
816 3771 857 3822 64.
876 3776 973 3839 quaesi.
991 3769 1014 3820 1.

183 3853 206 3921 ³)
223 3853 428 3910 BenedictiliV.
448 3857 556 3909 institut.
566 3859 608 3910 87.
627 3856 674 3908 sub
693 3857 776 3908 linem.
795 3855 890 3921 synod.
908 3855 1017 3907 dioeces.
1035 3854 1051 3907 l.
1071 3854 1112 3907 13.
1131 3869 1153 3906 c.
1172 3853 1216 3908 el.
1234 3858 1292 3910 mli.

223 3937 346 3994 Theseus.
368 3943 474 3995 resolui.
492 3944 520 3993 S.
540 3943 567 3994 C.
588 3942 604 3994 l.
628 3947 656 3993 in
680 3959 734 3994 aaa
755 3941 891 4007 Propertii.
918 3941 959 3993 13.
982 3940 1052 3992 tatii
1073 3939 1148 3994 1720.
1185 3939 1291 3996 Genesi.

219 4040 291 4100 pras.
310 4027 373 4098 disp.
390 4028 433 4083 lib.
452 4029 476 4082 e.
495 4045 517 4082 c.
535 4029 560 4082 e.
578 4045 603 4082 u.
622 4028 665 4081 46.
683 4026 774 4084 Sauclr.
793 4025 834 4080 lib.
852 4028 877 4083 8.
896 4026 960 4100 disp.
978 4030 1002 4084 7.
