2764 4664
429 191 465 244 lle
482 191 657 246 celebratione
675 192 833 260 Nuptiarum.
1131 175 1197 250 252

57 347 193 424 „Notum
217 353 255 410 sit
277 350 414 411 omnihus
437 348 484 412 iric
507 349 724 429 praesentibus,
748 348 829 429 quod
846 347 881 412 N.
896 351 973 425 (vir)
995 355 1026 410 et
1048 348 1083 410 Ν,
1107 353 1195 425 (mu.

57 453 138 528 lier),
165 469 204 513 ex
229 454 277 514 tali
300 453 348 514 vel
373 451 567 528 talliacotio,
592 457 622 512 et
639 451 788 532 parochio,
813 452 877 516 Deo
896 452 1068 534 adjuvante,
1092 455 1196 514 inten-
1301 468 1302 472 ¹

57 555 134 616 dunt
163 559 241 618 inter
270 573 303 616 se
340 556 518 618 contrahere
555 557 783 617 matrimonium.
840 553 969 618 Proinde
996 554 1198 620 admonemus

56 674 170 738 omnes
188 664 218 720 ct
241 659 398 740 singulos,
431 664 463 720 ιιι
485 661 510 718 si
534 662 602 737 quis
625 661 743 722 noverit
773 656 892 736 aliquod
917 659 1196 740 consanguinitatis,

56 759 107 821 sel
128 759 297 836 affinitatis,
317 769 368 824 aut
390 765 582 844 cognationis
604 759 784 844 spiritualis,
812 761 860 822 vel
882 759 1010 840 quodvis
1032 759 1112 822 eliud
1134 764 1197 824 im·

56 863 263 943 pedimentum
294 869 373 926 inter
403 883 456 926 ocs
486 882 572 944 esse,
603 866 683 945 quod
714 866 932 925 matrimonium
960 861 1196 930 contrahendus

54 970 189 1028 invicem
213 966 371 1049 impediat,
402 967 473 1030 illud
506 972 744 1050 quamprimum
773 965 860 1026 nobis
882 964 1060 1030 denuntiare
1089 965 1196 1030 doben

56 1075 87 1130 et
118 1068 178 1132 hoc
207 1062 402 1132 admonemus
434 1075 547 1150 primo,
582 1075 623 1145 (si
648 1071 738 1132 luerit
761 1071 871 1147 prima)
895 1067 944 1130 vol
974 1066 1122 1145 secundo,
1154 1071 1197 1137 tsi

57 1173 151 1234 luerit
174 1172 330 1250 secunda)
356 1175 403 1235 vel
426 1177 532 1252 tertio,
563 1177 603 1244 (si
628 1172 718 1234 luerit
742 1175 826 1232 tertio
849 1169 1052 1248 denuntiatio)
1063 1169 1099 1248 ¹).
1144 1170 1196 1234 Si-

56 1275 169 1336 militer
191 1275 382 1338 indioandum
406 1281 473 1355 erit,
497 1275 615 1357 quando
637 1280 669 1338 in
692 1294 750 1337 una
774 1272 822 1334 vel
845 1271 958 1336 duabus
981 1273 1196 1354 proclamatio·-

56 1377 148 1438 nibus
171 1377 260 1438 luerit
283 1378 496 1458 dispensatum.
542 1379 575 1440 ln
597 1376 794 1440 matrimoniis
823 1380 923 1440 mixtis
947 1377 1198 1456 proclamationes

56 1485 147 1544 etiam
172 1480 236 1540 lieri
259 1480 384 1558 dehent,
417 1485 489 1561 quin
515 1489 612 1544 tamen
634 1479 694 1544 ulla
722 1478 760 1542 de
782 1479 932 1564 religione
954 1478 1194 1544 contrahentium

56 1589 170 1648 mentio
200 1585 257 1648 lint.
304 1583 430 1664 Insuper
458 1603 527 1666 pars
554 1584 716 1657 calliolioa,
744 1587 809 1644 sive
831 1601 960 1663 sponsus
988 1583 1098 1660 luerit,
1129 1587 1196 1647 site

55 1705 186 1767 sponso,
211 1693 307 1767 primo
329 1705 448 1766 semper
471 1688 536 1752 loeo
560 1683 773 1760 nominetur2).

145 1790 179 1852 ll.
212 1790 294 1853 Haeo
322 1790 485 1852 admonitio
511 1792 598 1872 juxte
620 1789 764 1852 Rubricas
786 1788 844 1850 litt.
867 1786 971 1866 Rom,
1000 1793 1032 1851 ιιι
1062 1786 1195 1869 impedi-

54 1899 157 1956 menta
181 1893 309 1972 parocho
333 1893 501 1956 denuntiari
527 1893 669 1971 debeant,
700 1896 724 1956 si
750 1909 808 1954 non
839 1889 1003 1970 inqualibet
1027 1881 1195 1974 proclama-⁴

53 2002 149 2072 tione,
173 1995 277 2058 saltem
301 1997 411 2075 pluries
435 2013 621 2076 perannum
646 1996 809 2075 repetenda
833 2002 896 2074 est,
928 2001 960 2056 ut
982 1999 1053 2058 sniis
1075 2011 1196 2075 sempet

54 2103 176 2162 constet
197 2103 275 2162 inter
298 2099 403 2162 lideles
426 2099 464 2160 de
480 2097 535 2160 hnc
550 2097 734 2181 obligatione
741 2118 751 2174 ;
773 2097 810 2161 ad
828 2097 1083 2162 denuntiationem
1101 2101 1195 2176 enlm,

51 2207 78 2266 si
101 2201 184 2282 quod
207 2207 347 2264 noverint
379 2199 627 2280 impedimentum
659 2205 724 2262 sive
747 2201 890 2264 dirimens
920 2205 986 2264 sive
1017 2199 1195 2282 impediens,

51 2309 191 2384 quamvis
214 2310 375 2382 secretum,
400 2309 540 2366 tenentur
554 2321 670 2381 rumpes,
694 2307 810 2366 etiamsi
825 2306 1042 2386 consanguinei
1060 2283 1195 2368 etamioi

51 2407 177 2486 luerint,
201 2427 236 2470 ao
259 2407 336 2470 torte
359 2406 573 2486 illonequennt
598 2406 739 2485 probare3
763 2405 925 2470 dummodo
946 2405 1098 2470 moraliter
1120 2409 1195 2488 ipsis

51 2511 89 2574 de
113 2529 219 2576 eorum
242 2513 368 2572 ueritate
391 2506 555 2586 consueti).
593 2507 641 2570 Ab
664 2507 718 2572 hnc
741 2508 924 2591 obligatione
947 2511 1152 2589 excipiuntur:

85 2615 117 2690 i)
141 2614 329 2689 confessarii,
354 2631 481 2692 quorum
506 2615 611 2673 notitia
635 2629 696 2673 non
713 2619 766 2674 est
788 2611 876 2693 liujus
899 2611 970 2687 fori;
1180 2607 1185 2614 ’

80 2718 116 2793 2)
141 2721 192 2798 qui
217 2717 354 2778 revelare
383 2733 441 2777 non
465 2720 591 2795 possunt
613 2715 726 2796 absque
755 2719 842 2800 gravi
865 2715 1045 2778 detrimento
1075 2717 1122 2778 sui
1145 2713 1193 2774 vel

138 2837 279 2898 suorum3
308 2824 340 2880 ιιι
368 2822 394 2880 si
428 2817 673 2898 impedimentum
699 2822 854 2897 proveniat
889 2836 928 2878 ex
952 2818 1061 2902 ¹illicite
1089 2835 1193 2883 eertum

56 2965 63 2968 -
139 2923 261 3000 copula;
1095 2937 1105 2948 “

56 3025 120 3101 -3)
144 3029 195 3106 qui
228 3023 473 3104 impedimentum
505 3027 602 3085 sciunt
632 3023 688 3086 suli
710 3029 847 3102 secreto,
880 3023 917 3086 ab
946 3024 1047 3105 aliquo
1076 3022 1194 3104 publico

56 3147 59 3152 ·
137 3132 272 3208 ipsorum
296 3126 397 3190 ollmio
420 3129 625 3205 proveniente,
650 3131 681 3187 ut
705 3133 774 3190 sunt
788 3127 921 3208 parochi,
945 3127 1063 3206 mediol,
1088 3127 1194 3190 obste-

55 3221 58 3226 “
139 3233 230 3294 trices
238 3251 247 3305 ;
272 3233 394 3292 minime
418 3245 491 3292 vero
514 3231 619 3290 eximit
636 3233 739 3293 notitia
763 3232 818 3293 sub
838 3236 956 3294 secreto
979 3230 1194 3307 confidentioe3

77 3333 114 3409 4)
137 3336 190 3414 qui
213 3333 285 3394 illud
307 3331 466 3396 audierunt
489 3353 505 3396 a
529 3349 668 3412 persone,
693 3333 773 3396 nulla
796 3333 855 3397 lide
878 3331 1016 3418 digna¹l.

78 3608 102 3674 ¹)
119 3608 160 3660 Ex
178 3608 226 3660 llil.
246 3607 316 3658 liom.
330 3599 352 3658 l.
370 3623 394 3658 o.
611 3655 613 3663 ,

76 3695 102 3759 ἰ
120 3693 220 3744 lustret.
239 3689 341 3763 Gregor.
362 3692 428 3744 xvt.
446 3693 478 3744 ad
497 3692 635 3764 Episcopos
653 3693 793 3765 Bormiae}
814 3695 854 3748 12.
872 3693 998 3760 Septemb.
1020 3691 1096 3747 teti.
1118 3693 1193 3753 lustr,

56 3841 57 3846 ¹
119 3787 185 3846 past.
202 3780 274 3847 Eyst.
293 3798 317 3848 p.
336 3781 395 3834 357.

56 3927 58 3934 Ι
77 3869 100 3933 ³)
119 3867 142 3919 S.
163 3866 192 3922 G.
211 3866 239 3920 G.
259 3875 284 3920 at
301 3865 327 3918 S.
345 3865 370 3920 S.
389 3864 457 3934 apud
476 3864 676 3934 degendi-Bessi
696 3867 756 3922 bibl.
772 3867 823 3934 jur.
843 3884 899 3924 ean.
919 3882 990 3936 pras.
1008 3866 1111 3922 (imunt.
1133 3882 1158 3918 ιι.
1167 3867 1193 3921 4.

76 3953 101 4020 ⁴)

127 3939 134 3948 u

118 3952 179 4006 lost.
199 3961 262 4022 pest.
279 3953 349 4021 Epst.
367 3969 392 4022 p.
411 3951 470 4006 359.
494 3947 498 3952 ’
