2742 4660
154 227 198 294 to
437 201 1010 312 mmmm-..ragam

155 401 278 466 dubium
302 401 381 483 juris
407 405 631 463 matrimonium
654 402 718 482 jam
747 406 931 462 contractum
959 404 1186 480 supervenerit,
1220 405 1292 460 tunc

157 521 212 586 per
234 521 268 566 se
290 509 386 584 patet,
410 504 549 566 standum
572 522 641 566 esse
664 523 717 584 pro
739 502 842 564 nature
865 507 1061 578 nutrimouii,
1085 503 1182 564 donec
1203 501 1292 562 ahter

157 606 311 688 probetur.
869 665 872 670 .

244 710 293 774 iti.
317 709 349 772 St
371 709 494 772 dubium
515 707 596 787 sueti
616 709 715 770 obstet
736 713 806 768 ante
830 712 1062 787 matrimonium,
1085 714 1149 770 sive
1169 709 1207 768 de
1229 713 1293 768 im-

156 813 329 897 pedimento
356 813 501 891 naturali,
528 817 594 874 sive
620 811 738 887 divino,
768 815 834 872 sive
860 811 1074 873 ecclesiastico.
1100 847 1137 858 -
1161 831 1189 872 v.
1212 832 1241 893 g.
1265 815 1291 872 si

157 917 287 994 dubites,
310 922 341 978 et
357 916 410 978 tibi
433 922 546 978 tanturn
564 914 718 995 probabile
740 919 789 990 sii,
812 919 926 975 tecum
947 912 1052 974 bertha
1075 919 1187 976 esseio
1202 918 1293 974 tertio

157 1019 254 1105 gradu
276 1023 545 1102 consanguinitatis
567 1018 777 1098 conjunctum,
805 1017 853 1077 vei
876 1023 901 1078 si
924 1017 1058 1090 dubites,
1081 1036 1151 1078 uum
1175 1034 1291 1077 uxcrra

159 1129 190 1186 te
212 1128 351 1204 separata
369 1123 433 1203 jam
455 1127 494 1182 sit
508 1121 658 1198 defuncta,
683 1139 743 1182 nou
765 1121 835 1181 licet
858 1123 1079 1182 matrimonium
1102 1140 1169 1181 curn
1184 1118 1294 1180 Bertha

158 1229 304 1306 inpriore
326 1241 408 1302 casu,
431 1221 480 1284 vei
497 1243 565 1285 cnm
579 1225 636 1286 aiia
660 1223 770 1284 femina
784 1228 816 1284 in
829 1223 972 1297 secundo,
994 1223 1179 1300 contrahere,
1204 1228 1296 1282 ante-

159 1347 248 1411 quam
275 1327 521 1408 impedimentum
550 1333 633 1390 cerio
656 1327 803 1389 sublatum
828 1327 918 1388 inerit
940 1328 987 1386 vei
1018 1345 1071 1406 per
1093 1326 1295 1406 dispensatio-

160 1451 240 1508 nem,
262 1436 287 1494 st
305 1429 370 1492 hert
385 1436 495 1511 potest,
518 1430 567 1491 vel
583 1447 636 1509 per
655 1436 796 1491 eventum
813 1434 868 1507 rei,
892 1436 922 1489 et
940 1434 965 1490 si
982 1433 1166 1490 contraxeris
1181 1429 1296 1505 absque

160 1535 276 1600 subiato
298 1534 400 1610 dubio,
424 1537 644 1596 matrimonium
668 1533 700 1594 iii
722 1533 843 1595 dubium
867 1537 897 1591 ei
919 1540 1019 1594 innuet
1042 1533 1173 1608 dubium,
1197 1532 1296 1592 donec

161 1637 406 1718 impedimentum
429 1635 551 1698 obstans
574 1644 721 1699 remotum
745 1655 813 1697 esse
835 1642 919 1697 certo
943 1643 1069 1711 constet,
1092 1636 1171 1698 uude
1188 1637 1298 1713 sequi-

163 1745 221 1818 tur,
244 1744 277 1802 nt
293 1753 392 1820 neque
408 1738 459 1801 tibi
483 1740 572 1802 liceat
584 1744 689 1802 vivere
711 1745 741 1800 in
757 1739 813 1801 hoc
829 1737 1028 1814 matrimonio,
1053 1757 1150 1820 neque
1168 1740 1297 1797 transire

161 1841 198 1906 ad
221 1841 279 1904 alia
302 1846 382 1904 vota.
428 1842 501 1904 Dico
527 1843 559 1917 i)
582 1863 644 1904 non
666 1844 723 1904 tihi
743 1845 832 1916 ucen-
858 1849 889 1902 ei
911 1842 968 1904 hoc
992 1850 1037 1904 est
1059 1847 1091 1916 a)
1113 1847 1245 1918 certmn,
1270 1843 1296 1900 si

162 1945 256 2010 altera
279 1947 471 2026 persignata
493 1949 531 2006 sit
546 1944 635 2026 hujus
650 1946 741 2022 dubii,
766 1951 835 2027 quia
855 1951 936 2024 tuuc,
960 1945 1017 2009 hoc
1039 1945 1166 2027 agendo,
1190 1947 1298 2026 gravi-

162 2055 209 2112 ter
222 2047 383 2128 decipitur;
406 2045 439 2116 in
453 2052 484 2107 et
505 2052 604 2124 eiiam,
629 2053 654 2110 si
673 2049 759 2118 ambo
774 2049 984 2110 contrahentes
1002 2052 1112 2110 conscii
1135 2051 1193 2108 sint
1206 2045 1298 2124 hujus

161 2151 254 2230 dubii,
277 2154 346 2232 quia
369 2149 591 2212 Sacramentum
614 2150 747 2230 periculo
772 2151 970 2214 frustrationis
997 2159 1109 2211 ninere
1131 2153 1295 2242 expionunt,

162 2272 197 2318 ao
226 2252 401 2336 pierumque
432 2258 620 2315 occasionem
644 2257 808 2334 proximam
840 2260 951 2333 peccati
976 2255 1183 2324 sibiinvicem
1206 2268 1297 2311 com-

161 2359 276 2440 parant.
321 2357 395 2420 Dico
425 2355 459 2430 2)
489 2360 519 2419 n·
539 2359 754 2431 contraxeris,
781 2377 878 2437 neque
901 2361 933 2418 in
955 2358 1149 2418 matrimonio
1177 2357 1297 2430 viuere,

161 2477 258 2540 neque
280 2460 323 2522 od
343 2459 408 2522 aiio
429 2466 502 2522 outo
524 2462 661 2521 transire
680 2462 818 2538 poteris;
846 2466 876 2520 et
899 2459 955 2522 hoc
979 2460 1057 2520 vuiet
1086 2464 1117 2526 ai
1141 2458 1177 2518 de
1205 2463 1298 2517 utro-

161 2579 220 2644 que
242 2561 447 2641 contrahente,
471 2568 494 2624 si
514 2568 640 2640 uterque
663 2566 800 2624 conscius
817 2564 872 2625 suit
894 2569 964 2625 anie
986 2567 1168 2624 contractum
1187 2563 1298 2621 unatri-

162 2668 294 2728 monium
316 2664 396 2727 illius
419 2664 510 2740 dubii,
534 2667 602 2743 quia
625 2664 723 2745 quoad
743 2665 793 2745 jus
820 2667 857 2727 ad
879 2685 964 2728 usum
991 2668 1167 2726 innutrirnnnii
1192 2667 1298 2724 stricte

160 2774 229 2832 nunt
256 2766 409 2848 sequenda
439 2770 582 2846 principia
612 2766 649 2828 de
677 2768 746 2847 jure
775 2769 823 2830 vel
853 2768 984 2830 dominio
1013 2765 1208 2848 acquirend03
1244 2768 1296 2845 qui

160 2875 259 2934 antem
281 2873 386 2949 incipit
408 2868 496 2930 dubia
519 2867 577 2930 side
600 2871 765 2948 possidere,
788 2879 902 2934 certum
921 2873 981 2952 jus,
1012 2877 1112 2950 utpote
1137 2869 1212 2930 inuia
1236 2867 1296 2928 fide

159 2971 325 3038 secuudum
348 2971 418 3052 qnid
440 2985 551 3054 agens,
583 2991 642 3036 nou
665 2980 807 3055 acquirit,
837 2993 872 3036 oc
897 2974 1020 3052 proinde
1048 2975 1099 3035 iiio
1123 2975 1207 3052 quasi
1239 2989 1295 3032 sun

161 3078 203 3138 uti
226 3091 287 3136 non
309 3080 416 3154 potest,
441 3060 536 3156 donec
558 3073 679 3138 dubium
704 3079 838 3157 tollatur;
862 3078 899 3140 ad
922 3077 978 3139 alia
997 3084 1065 3138 vota
1087 3078 1213 3138 transire
1236 3091 1298 3133 nnn

160 3181 311 3259 poterunt,
327 3181 395 3256 quia
410 3184 630 3242 matrimonium
644 3185 688 3242 sic
703 3189 885 3244 contractum
902 3199 962 3243 non
977 3185 1094 3261 penitus
1109 3182 1154 3240 est
1169 3175 1297 3253 nntium,

162 3333 368 3343 *nno-...-

229 3417 419 3468 conversionem
449 3417 596 3469 contrahere
623 3435 679 3470 curn
705 3435 855 3488 quecunque
880 3419 1004 3488 baptizata
1029 3421 1097 3485 prius
1120 3415 1166 3467 sibi
1196 3416 1299 3481 juncta,

228 3503 268 3554 vol
287 3510 370 3554 utrum
389 3501 557 3570 adstringetur
575 3503 607 3554 ad
626 3519 692 3567 cam,
710 3509 879 3574 quamprimo
899 3509 924 3556 in
943 3518 1045 3557 uxorem
1057 3505 1162 3555 duxerat
1179 3501 1298 3565 (dubium

229 3590 295 3644 onim
314 3595 368 3642 erat
386 3589 452 3640 inter
469 3587 499 3640 b,
512 3587 540 3638 D.
559 3604 591 3638 au
610 3606 696 3640 corum
710 3592 904 3652 matrimonium,
923 3591 990 3659 qnod
1010 3593 1118 3642 inierunt
1135 3605 1191 3640 cum
1206 3591 1300 3654 prima.

230 3675 317 3726 inisset
336 3688 423 3726 verum
443 3681 467 3724 et
485 3674 595 3725 validum
613 3677 711 3752 ratione
723 3679 775 3727 veri
795 3681 946 3740 consensus)
963 3676 1091 3742 respoudit
1102 3674 1216 3726 Urbanus
1232 3674 1299 3724 vui.

229 3768 282 3824 „uh
303 3758 345 3810 ubi
363 3758 500 3810 Doctorum
520 3764 660 3812 sententiae
679 3764 807 3830 utriusque
827 3763 968 3829 probabiles
988 3760 1186 3822 intercederent,
1205 3776 1299 3826 seque-

228 3855 314 3899 rentur
337 3846 469 3913 opiniones
493 3859 538 3912 pro
562 3846 703 3898 conditione
728 3848 839 3898 locorum
859 3865 888 3898 ac
910 3848 1037 3898 hominurn
1062 3846 1175 3896 barbaris
1195 3847 1300 3897 invoca-

228 3931 336 3996 biiioren,
355 3932 509 3982 etcinerem
528 3931 605 3982 doctis
625 3932 767 3984 hominibus
786 3934 909 3984 sentiendi
929 3933 1098 3984 libertatem.“
1124 3931 1234 3993 Pichier,
1253 3931 1300 3983 Jna

230 4015 328 4072 Canon.
347 4016 379 4070 do
397 4023 470 4070 matr.
488 4020 513 4084 s.
532 4018 556 4068 2.
575 4033 599 4069 n.
620 4018 677 4072 100.
695 4047 729 4058 -
748 4017 820 4070 Geni.
839 4017 898 4072 Ges.
915 4018 1009 4080 XXIX,
1028 4017 1105 4070 XXX.
