2764 4664
422 245 504 300 Carus
520 248 725 302 matrimoniales.
1095 229 1174 296 307.

30 427 112 488 quam
139 411 168 468 ut
192 407 321 467 examini
341 403 542 484 subjiceretur
557 403 683 467 blathias
698 403 936 486 curistoptorus,
961 411 1045 488 pater
1063 404 1161 468 Joao·

30 517 68 570 nis
84 510 221 586 Antonii,
246 510 307 588 qui,
328 507 459 588 juratus,
483 511 514 568 in
535 525 643 571 novem
667 507 800 570 articulis
818 507 957 570 distincte
980 514 1009 568 et
1026 511 1175 587 praecise·

29 612 212 684 cuaiumavit
236 613 418 672 assertiones
441 609 494 670 filii
517 627 556 671 ex
578 614 632 690 iis,
663 629 739 693 quae
760 615 826 690 ipse
849 615 880 672 in
903 609 1063 676 Saxoniam
1087 627 1162 690 pro·
1233 625 1235 628 ·

30 716 131 791 iectus,
156 734 172 775 a
197 711 345 774 Christina
368 715 430 792 ipsa
459 717 489 772 ct
512 711 548 773 ab
571 711 637 774 aliis
658 719 876 794 curnperueral.
921 712 1053 778 Tandem
1077 711 1105 776 S.
1130 711 1161 774 C.

29 820 60 880 ad
85 817 208 880 dubium
232 818 304 888 alias
326 821 531 895 propositum,
561 822 741 880 encaustat
763 815 800 878 de
825 813 959 882 nullitate
980 817 1164 882 matrimonii

29 928 52 984 in
77 940 167 1000 casu,
192 919 361 999 respondit:
395 917 615 999 „Affirmatioe
637 921 669 982 ia
692 939 783 994 casa,
806 917 843 978 de
865 935 926 998 qao
948 921 1085 998 agilurf‘
1093 913 1119 993 ¹)

494 1126 629 1188 Casus
662 1124 701 1190 Χ.

495 1287 499 1294 -
532 1257 659 1316 Metus.

114 1401 201 1462 berta
225 1404 339 1462 ratione
364 1401 461 1459 metus
484 1401 585 1480 gravis
608 1398 729 1460 nullitar
751 1417 819 1460 cum
840 1398 925 1459 Petro
943 1400 1164 1460 matrimonium

28 1505 196 1580 contraxit,
229 1508 317 1584 eique
340 1507 442 1582 postea
466 1505 582 1582 capiam
607 1501 678 1562 iacit
700 1504 833 1581 corporis
860 1505 904 1568 sui
927 1499 1039 1580 absque
1062 1491 1165 1560 reluc-

28 1610 128 1668 tantia.
174 1605 267 1692 lllodo
288 1603 391 1664 varians
415 1607 596 1676 matrimonii
620 1601 783 1665 nullitatem
807 1604 884 1684 apud
903 1603 1037 1684 judicem
1061 1605 1164 1661 inten-

27 1714 112 1782 tare,
143 1707 271 1781 dubitat,
295 1726 332 1768 an
356 1712 452 1767 stante
477 1705 526 1766 tali
551 1698 657 1786 copula
681 1707 746 1788 ejus
771 1709 991 1769 matrimonium
1011 1699 1072 1785 pro
1094 1701 1165 1780 foro

29 1812 238 1871 conscientiae
260 1807 356 1870 adbuc
379 1813 424 1894 sit
440 1807 613 1870 invalidum.
660 1791 829 1888 Quaeritur,
854 1808 923 1888 quid
948 1801 1131 1870 dicendum?

116 1920 148 1992 ip.
180 1911 231 1971 llel
262 1909 365 1992 copula
395 1903 494 1972 habita
525 1909 579 1974 luit
607 1917 704 1974 animo
735 1914 932 1996 conjugaliter
961 1911 1081 1972 vivendi
1116 1909 1167 1988 pel

27 2035 101 2090 non3
126 2019 151 2078 si
164 2019 298 2094 primum,
323 1997 493 2092 dicendum,
518 2009 737 2077 matrimonium
760 2004 981 2092 essevalidum
1004 2012 1166 2092 dummodo

27 2121 152 2178 sciverit
167 2115 255 2177 Berta
278 2123 348 2176 note
372 2117 459 2178 talem
484 2118 631 2198 copulam,
654 2119 816 2180 invalidum
840 2123 956 2180 ratione
976 2126 1073 2181 metus
1093 2137 1176 2202 gra—

27 2227 71 2282 vis
97 2219 192 2280 luisse
210 2224 446 2294 matrimonium;
470 2227 501 2278 et
523 2225 599 2282 ratio
621 2229 675 2295 est,
701 2225 768 2300 quia
791 2221 856 2282 talis
877 2221 982 2302 copula
999 2219 1168 2302 aequivalet
1229 2277 1231 2280 ,

26 2326 206 2395 consensui3
231 2341 326 2383 nunus
348 2339 514 2384 consensus
532 2321 608 2384 liber
629 2323 829 2408 conjugaliter
849 2323 969 2384 vivendi
989 2321 1168 2383 reddidisset
1239 2309 1246 2322 '

27 2430 250 2488 inatrimcnium
275 2424 423 2500 validum,
455 2432 486 2486 ut
507 2431 605 2506 patct3
638 2445 711 2510 ergo
742 2433 771 2487 et
803 2427 868 2488 talis
899 2425 1024 2508 copula,
1057 2429 1080 2485 si
1112 2422 1168 2485 luit

27 2531 142 2602 libera,
174 2536 205 2588 ut
228 2531 419 2610 supponitur,
449 2547 515 2590 cum
539 2527 656 2590 dicatur
677 2533 706 2590 in
731 2548 801 2592 casu
830 2528 947 2608 ubsque
969 2527 1167 2602 reluctantia,

28 2641 56 2692 et
88 2637 113 2692 si
147 2631 199 2692 luit
229 2637 327 2692 animo
361 2631 562 2715 conjugaliter
588 2632 725 2708 vivendi,
755 2631 920 2715 dummodo
951 2637 1049 2693 tamen
1079 2629 1168 2704 berta

26 2739 171 2810 sciverit,
205 2753 290 2794 suum
323 2739 543 2796 matrimonium
574 2753 628 2815 per
659 2737 769 2796 melum
799 2740 984 2796 contractum
1015 2735 1050 2796 ab
1080 2735 1167 2794 initio

27 2841 125 2900 luisse
149 2837 277 2912 nullum,
311 2841 379 2917 qnia
403 2835 468 2898 data
498 2835 641 2900 nullitatis
664 2841 832 2921 ignorantia
864 2840 1082 2900 matrimonium
1109 2851 1168 2898 non

27 2947 111 3002 esset
126 2938 319 3014 ratiiicatum;
343 2937 416 3000 nibil
439 2944 517 3000 enim
537 2945 583 3002 est
605 2945 662 3000 tam
681 2945 863 3002 contrarium
883 2943 1053 3016 consensui,
1079 2957 1168 3021 quarn

27 3060 128 3118 error,
161 3046 190 3101 et
214 3041 312 3103 lorsan
342 3043 475 3122 copulam
500 3059 558 3104 non
583 3041 750 3119 habuisset,
781 3047 805 3104 si
829 3041 994 3105 nullitatem
1019 3047 1167 3106 scivisset.

29 3149 70 3206 lto
98 3143 233 3206 Sancbez
258 3146 305 3206 lib.
331 3144 358 3208 4.
384 3144 459 3224 disp.
488 3144 534 3209 te.
560 3165 587 3208 n.
611 3145 640 3208 2.
665 3152 694 3208 et
719 3147 766 3208 lib.
789 3145 816 3210 2.
844 3147 918 3228 disp.
942 3137 992 3207 ll.
1017 3163 1044 3208 n.
1069 3142 1097 3206 2.
1138 3142 1169 3206 Si

28 3266 106 3309 vero
131 3245 248 3308 dicatur
269 3237 405 3328 copulam
432 3248 609 3312 audiuisse
632 3247 759 3311 habitam
784 3255 892 3312 animo
906 3247 1105 3331 conjugaliter
1120 3239 1183 3306 ri?
1265 3252 1270 3277 ¹

28 3337 157 3426 vendi,¹
177 3349 334 3412 dicandum
358 3355 418 3426 est,
449 3356 538 3413 etum
562 3351 599 3412 de
622 3357 770 3434 praesenti
795 3370 862 3415 esse
886 3352 1016 3428 nullum,
1052 3353 1120 3430 quia
1144 3353 1170 3409 st

27 3454 66 3516 ad
95 3451 278 3514 validitatem
304 3457 480 3515 matrimonii
511 3473 570 3516 non
594 3453 649 3516 iao
670 3454 823 3517 sulliciens
852 3469 1018 3515 consensus
1041 3468 1171 3533 expres·

28 3574 83 3618 sus
109 3559 192 3616 melu
214 3559 298 3638 gravi
322 3562 469 3634 extortus,
492 3557 584 3619 multo
608 3561 879 3620 minusconsensus
896 3560 1012 3628 tacitus,
1037 3571 1090 3634 per
1112 3569 1170 3614 co-

28 3661 133 3740 pulam
163 3657 279 3719 habitus
308 3675 347 3718 cx
377 3640 426 3722 lali
450 3666 547 3736 melu,
578 3665 628 3722 aut
656 3664 745 3720 etiarn
780 3656 1013 3739 praescindendo
1037 3675 1052 3716 a
1077 3661 1169 3733 melu,

29 3769 53 3825 si
81 3762 139 3824 luit
161 3765 296 3844 praecise
320 3751 449 3823 libidinis
471 3759 604 3836 cuusa.²)

31 3883 242 3892 m*-

49 3938 71 4001 Ι)
91 3933 216 3984 Tiresaur.
236 3932 337 3985 resciat.
357 3941 415 3984 loru.
435 3935 458 3984 5.
477 3949 502 3999 p.
522 3932 580 3982 tot.
600 3933 658 3983 257.
678 3935 736 3984 222.
755 3932 813 3983 aaa.

48 4021 73 4083 ²)
93 4019 176 4072 Casus
196 4017 338 4069 Conscieut.
357 4016 483 4071 benedict
502 4015 568 4069 lllll.
586 4018 634 4070 vol.
654 4017 672 4069 l.
691 4035 715 4086 p.
734 4018 774 4068 52.

900 4084 962 4152 20*
