2742 4660
173 270 215 338 20
418 286 454 340 De
472 289 644 351 matrimonio,
662 295 784 356 quatenus
802 295 841 340 eat
858 264 1056 342 Sacramentum.

174 451 301 525 excepto
320 449 419 508 lamen
436 464 452 505 a
473 445 606 524 pluribus
625 464 705 524 casu,
729 450 753 508 si
769 447 978 508 contrahentes
994 448 1138 526 aaph'ctta
1151 457 1180 510 et
1193 453 1309 512 directe

171 548 329 611 intendunt
350 551 568 609 matrimonium
592 553 669 610 inire
692 548 969 611 sineSacramento.
1014 549 1100 613 Retio
1123 551 1210 630 hujus
1233 571 1308 614 sen-

172 655 281 713 tentiae
304 657 365 714 esta
388 649 435 710 Ad
451 649 900 728 perficiendumSacramenturn
924 655 1050 714 intentio
1073 659 1237 732 requiritur
1260 655 1308 715 la-

172 751 284 832 ctandi,
316 753 395 834 quorl
420 753 489 814 lacit
511 753 659 828 Ecclesia3
689 772 763 836 ergo
786 757 818 816 io
840 752 897 816 hoc
920 772 1006 830 casu,
1037 761 1069 815 ut
1093 755 1159 816 talis
1182 760 1307 818 intentio

170 858 309 936 explicite
331 875 391 920 nou
407 856 538 932 habetur,
564 875 631 918 esse
659 877 718 919 non
738 863 836 938 potest
851 856 1085 934 Sacramentum,
1111 863 1180 938 quin
1206 865 1306 920 tamen

171 960 289 1021 deficiat
312 977 380 1020 esse
404 964 638 1038 matrimonium,
668 965 735 1040 quia
759 965 929 1023 contractus
952 963 1030 1020 inter
1053 979 1196 1040 personas
1219 961 1308 1023 habi-

172 1063 216 1124 les
247 1063 488 1146 matrimonialiS,
523 1069 570 1142 qui
603 1063 641 1124 de
670 1064 742 1126 Jore
773 1064 900 1126 naturali
930 1064 1047 1126 validus
1077 1071 1140 1142 est,
1174 1083 1227 1144 pro
1261 1067 1306 1126 tali

172 1165 325 1226 habendus
355 1171 416 1239 est,
451 1165 546 1228 ‹louec
574 1171 603 1226 in
633 1165 734 1227 (livino
763 1169 811 1227 vel
840 1168 1043 1228 ecclesiastico
1073 1168 1145 1228 Jure
1175 1172 1307 1229 irritatus

172 1271 352 1348 reperiatur;
384 1271 463 1348 atqui
494 1275 592 1330 textus
625 1268 702 1329 ullus
731 1287 828 1349 neque
859 1270 951 1330 divini
982 1287 1081 1350 nequo
1100 1271 1306 1332 'ecclesiastici

169 1371 250 1434 Juris
265 1372 423 1452 reperitur,
448 1391 506 1452 quo
526 1377 744 1434 matrimonium
760 1375 799 1432 ita
814 1377 995 1434 contractum
1009 1377 1144 1435 irritatur
1151 1393 1159 1447 3
1178 1391 1254 1456 ergo
1266 1410 1307 1420 -—

170 1473 227 1538 Sed
256 1475 329 1538 haec
359 1479 436 1538 ratio
466 1479 584 1553 penitus
620 1476 762 1538 subversa
793 1482 839 1536 est
867 1493 921 1554 per
953 1477 1097 1538 laudatam
1122 1477 1163 1538 Pii
1188 1477 1226 1537 lX
1251 1478 1307 1537 ‹le-

171 1579 379 1656 clarationem,
418 1597 495 1659 quae
534 1578 636 1639 delinit
673 1577 857 1659 „quamlibet
889 1579 975 1640 aliam
1018 1583 1097 1640 inter
1125 1579 1308 1641 Christianos

171 1689 252 1745 viros
282 1687 312 1743 el
339 1682 479 1742 mulieres
503 1687 631 1761 praeter
652 1683 885 1743 Sacramentum
909 1683 1168 1763 conjunctionem,
1201 1684 1309 1762 cujus-

105 1804 107 1812 ·
172 1805 290 1867 cunque
314 1789 403 1844 etiam
425 1783 521 1845 civilis
544 1784 620 1866 legis
634 1788 661 1844 vi
676 1783 795 1863 factam,
820 1783 891 1846 nihil
910 1785 1083 1860 aliudesse.
1108 1790 1163 1847 nisi
1190 1791 1306 1865 turpem

171 1897 260 1972 atque
283 1888 433 1949 exitialem
452 1885 679 1947 concubinatum
695 1887 732 1948 ab
743 1887 876 1950 Ecclesia
896 1893 1051 1967 tantopere
1066 1888 1307 1959 damnatum.“¹)

170 1979 254 2055 Unde
284 1998 369 2052 certa
400 1993 546 2052 sententia
574 1989 691 2050 illorum
722 1995 823 2051 vocari
853 1991 954 2067 debet,
987 1995 1035 2072 qui
1065 1991 1185 2069 dicunt,
1217 1996 1306 2054 etiam

170 2102 201 2157 in
224 2095 281 2157 hoc
296 2113 368 2157 casu
384 2095 604 2154 matrimonium
620 2091 747 2153 validum
767 2111 825 2154 uon
841 2111 927 2171 posse
951 2098 1029 2166 iniri,
1055 2093 1178 2154 excluso
1195 2093 1306 2156 Sacra-

172 2205 281 2262 mento.
326 2198 468 2259 Rationes
493 2200 611 2275 praeter
633 2194 728 2256 datam
759 2194 990 2256 declarationem
1015 2193 1044 2258 S.
1068 2196 1096 2268 R.
1121 2196 1209 2278 hujus
1234 2217 1307 2259 sen-

171 2305 283 2363 tentiae
307 2308 375 2364 sont
402 2299 432 2379 l)
458 2301 525 2379 quia
551 2297 639 2359 Cone.
655 2295 733 2359 Trid.
759 2301 788 2357 et
803 2297 930 2359 Florent.
954 2315 1021 2359 cum
1046 2297 1149 2360 dicunt
1171 2300 1305 2362 fidelium

171 2405 343 2488 conjugium
368 2421 439 2464 vere
469 2419 503 2462 ac
534 2405 653 2482 proprie
680 2399 902 2461 Sacramentum
935 2419 1017 2478 esse,
1050 2401 1079 2462 id
1110 2403 1211 2464 dicunt
1240 2408 1305 2465 sine

170 2509 378 2584 distinctione,
401 2507 662 2583 v'elexceptione.
708 2501 742 2578 2)
767 2501 855 2580 Quia,
886 2505 936 2584 qui
960 2505 1137 2566 vultanum
1162 2523 1200 2566 ex
1224 2506 1304 2568 duo-

169 2611 224 2672 bus
246 2609 485 2690 inseparabiliter
506 2609 585 2666 inter
609 2622 642 2665 se
665 2609 824 2682 connexis,
854 2609 941 2666 etiam
967 2607 1029 2668 vult
1052 2607 1192 2684 alterum3
1223 2613 1304 2689 atqui

168 2711 241 2774 Esse
264 2712 447 2776 Sacramenti
479 2707 556 2788 apud
578 2705 682 2769 fideles
706 2725 743 2766 ex
766 2705 873 2769 Christi
896 2711 1083 2770 institutione
1113 2717 1158 2772 est
1181 2717 1304 2774 omnino

168 2815 366 2895 inseparabile
384 2813 420 2875 ab
434 2812 510 2874 Esse
523 2813 703 2872 matrimonii
712 2830 720 2884 3
738 2827 812 2892 ergo
827 2815 985 2872 intentioni
1005 2811 1158 2894 legitimae
1174 2813 1303 2875 lactendi

169 2919 401 2992 matrimonium,
426 2921 458 2976 ut
475 2921 521 2976 est
535 2913 718 2992 ContractuS,
742 2897 890 2996 repugnat
905 2919 1030 2976 intentio
1047 2933 1105 2976 non
1122 2915 1302 2977 conficiendi

167 3017 389 3081 Sacramentum
398 3037 406 3092 3
431 3035 515 3099 ergo,
539 3019 562 3077 si
579 3020 799 3078 matrimonium
816 3033 876 3077 non
900 3021 938 3078 sit
953 3018 1186 3094 Sacramentum,
1212 3025 1302 3080 etiam

168 3127 266 3183 cessat
300 3139 367 3182 esse
397 3120 536 3182 validum.
588 3115 622 3195 3)
660 3117 689 3180 Si
722 3139 737 3179 a
777 3121 915 3182 fidelibus
949 3126 1167 3184 matrimonium
1199 3115 1304 3184 aalide

167 3223 300 3286 contrahi
321 3229 421 3303 posset
442 3225 505 3284 sine
522 3220 721 3298 Sacramenta,
746 3229 869 3304 possent
887 3225 1096 3286 contrahentes
1116 3227 1203 3285 etiam
1221 3226 1305 3286 licita

165 3331 311 3389 rationem
336 3326 517 3389 Sacramenti
548 3344 564 3385 a
588 3329 740 3386 contractu
765 3331 942 3388 matrimonii
967 3345 1106 3407 separare
1134 3347 1169 3388 ac
1192 3328 1304 3388 exclu-

166 3431 252 3508 dere,
278 3427 380 3491 saltem
404 3427 577 3509 aliquando,
609 3431 633 3488 si
659 3427 778 3506 quidem
802 3427 880 3490 nulla
905 3431 954 3491 lex
976 3430 1074 3492 divina
1098 3437 1148 3492 aut
1170 3429 1303 3494 humana

165 3533 281 3595 ostendi
304 3537 415 3612 potest,
440 3549 516 3612 quae
539 3547 592 3592 eos
615 3533 761 3613 astringat
784 3531 821 3592 ad
845 3538 1004 3612 utrumque
1026 3528 1304 3616 semper'conjun-

165 3635 305 3718 gendum,
331 3639 418 3715 atque
436 3635 471 3695 ad
489 3631 659 3695 evitandum
675 3633 875 3717 sacrilegium,
896 3636 974 3718 quod
994 3642 1182 3699 committunt
1197 3644 1302 3718 sponsi

162 3742 193 3798 in
223 3743 300 3800 statu
328 3742 440 3818 peccati
469 3736 692 3814 contrahentes,
726 3738 832 3799 melius
859 3745 954 3817 esset,
985 3737 1208 3804 Sacramentum
1239 3759 1303 3803 non

163 3845 314 3922 recipere,
349 3859 437 3920 quam
469 3840 625 3922 sacrilege.
673 3840 745 3902 Cum
778 3846 876 3902 autem
908 3842 981 3904 haec
1013 3847 1229 3922 consequentia
1264 3845 1303 3908 ab

192 4060 213 4126 ¹)
231 4060 374 4130 Deuainger
392 4059 520 4112 Enchirid.
539 4077 563 4128 p.
581 4061 639 4112 tlt.
658 4061 716 4112 vide
735 4063 808 4112 etiam
827 4061 899 4116 lnrtr.
919 4072 983 4146 past.
1002 4062 1108 4133 hysara
1127 4083 1151 4135 p.
1172 4069 1231 4120 272.
