2764 4664
162 183 225 250 312
410 125 419 144 ⁸
588 195 669 250 &aaa
687 191 891 250 matrimoniales.

162 360 335 420 constitutis
352 354 445 420 ituria
461 354 640 418 Hemandez
659 349 845 436 judicialiter
865 352 977 431 retattt,
1002 369 1036 415 se
1058 357 1194 436 quicqum
1217 359 1300 418 auris

163 477 231 522 oum
254 458 408 539 Alphonso
431 457 634 533 cohabitasse,
668 453 722 518 sed
751 473 902 537 nonquam
932 457 1069 536 copulam
1098 457 1196 520 fuisse
1224 475 1300 520 con-

163 565 339 624 summatam
362 567 484 642 propter
505 575 733 642 praeproperam
757 563 880 622 seminis
905 561 1084 642 eiectionem
1107 583 1124 626 a
1148 562 1230 624 dicto
1244 561 1302 623 nt-

158 655 279 745 'pionso
310 661 517 744 profluentem.
564 663 629 725 Fuit
660 663 718 726 troc
747 667 845 742 ipsum
878 664 915 725 ab
937 662 1091 746 Aiphonso
1116 665 1304 748 judicialiter

164 766 383 844 continuatum,
414 766 617 847 deputatoquo
645 783 698 846 per
727 765 877 828 Vicarimn
907 765 1085 828 Generalem
1115 768 1303 830 abulensem

164 875 279 952 pente,
314 874 427 950 peritus
460 875 526 949 post
555 885 619 930 rern
643 867 748 930 sedulo
778 872 999 947 examinatam,
1023 869 1210 949 alphonsum
1234 889 1305 932 esse

163 975 358 1055 impotentem
392 971 490 1054 quoad
523 975 692 1056 virginem,
731 971 785 1032 sod
818 989 879 1034 non
910 973 1009 1053 quoad
1042 979 1212 1054 corruptam
1246 973 1304 1034 de-

165 1067 298 1140 claravit.

250 1176 320 1240 Post
342 1177 425 1256 baec,
450 1183 579 1240 instante
593 1177 744 1258 alphonso
760 1195 813 1258 pro
828 1197 905 1242 nova
928 1177 1160 1256 cohabitatione,
1186 1197 1224 1242 eo
1250 1181 1306 1242 sub

164 1279 369 1360 tundamento,
392 1280 472 1362 quod
495 1283 638 1344 consuitis
660 1280 809 1364 chirurgia
838 1282 883 1343 ias
905 1283 1045 1358 eratsibi
1073 1300 1197 1363 sperare
1221 1283 1305 1364 quod

165 1401 223 1466 ope
245 1381 530 1446 medicamentorum
563 1383 788 1448 consummandi
810 1388 1032 1446 matrimonium
1063 1392 1144 1448 esset
1165 1390 1307 1466 acquisi-

165 1493 260 1568 turus,
283 1485 317 1552 V.
331 1507 361 1572 g.
384 1485 585 1564 demandavit,
610 1495 642 1549 ut
663 1487 811 1570 conjuges
826 1485 870 1550 'ad
881 1487 1130 1551 cohabitationem
1150 1489 1306 1562 redirent;

163 1587 220 1651 aad
254 1607 322 1652 cum
351 1607 409 1650 nec
439 1591 538 1651 minus
569 1597 636 1670 post
668 1586 796 1650 adhibita
828 1590 1048 1656 medicamenta
1071 1575 1306 1656 'matrimonium

166 1691 258 1755 suerit
279 1695 373 1772 spatio
396 1687 416 1754 4
440 1697 587 1754 mensium
617 1696 874 1770 consummatum,
905 1700 935 1754 ei
959 1695 1142 1774 praecedens
1171 1695 1309 1776 impedi-
1371 1703 1372 1782 j

167 1799 301 1856 mentum
328 1793 424 1858 actuo
451 1793 560 1856 durare
587 1801 773 1876 compertum
796 1797 849 1871 sit,
879 1795 993 1874 proiaia
1025 1796 1080 1858 iuit
1109 1816 1162 1878 per
1185 1797 1308 1860 Curiam
1371 1801 1372 1818 ¹

166 1897 351 1964 Abuleooem
378 1893 426 1960 ta.
449 1897 531 1959 Junii
557 1895 640 1962 ¹698
667 1915 758 1978 super
785 1897 918 1958 nutiitate
950 1903 1128 1962 matrimonii
1137 1945 1147 1978 ,
1178 1907 1210 1960 ct
1238 1900 1308 1964 data
1371 1913 1372 1922 ¹

167 1999 224 2062 iuit
244 1995 357 2066 marrae
380 2000 501 2063 tiberias
525 2001 655 2064 nubendi
678 2004 727 2062 cui
752 2000 922 2074 maluisset,
945 2007 976 2062 et
998 2001 1153 2082 Atphooso
1177 2001 1307 2066 iacuttas
1371 2001 1372 2012 ’

167 2101 258 2164 atium
289 2107 399 2166 statum
429 2103 484 2165 sibi
515 2103 591 2166 bene
615 2108 726 2182 visum,
760 2108 888 2184 excepto
919 2122 972 2183 pro
995 2109 1066 2166 tuno
1094 2110 1171 2167 statu
1197 2109 1307 2168 matri-

170 2205 300 2270 moniali.

254 2307 288 2370 tn
310 2310 463 2388 sequelam
487 2309 574 2390 hujus
602 2313 772 2372 sententiae
793 2309 885 2372 Maria
908 2310 945 2371 ad
967 2309 1025 2372 aiio
1052 2316 1121 2374 vota
1150 2317 1307 2374 transivit:

168 2412 341 2496 Alphonsus
363 2431 437 2476 vero
459 2419 526 2494 post
548 2413 662 2493 tapsum
685 2413 796 2476 biennii
821 2410 970 2473 licentiam
995 2414 1155 2492 postulauit
1177 2413 1310 2476 ducendi
1371 2409 1372 2464 t

170 2515 287 2580 viduam
295 2536 304 2590 ;
328 2533 456 2598 cumque
478 2521 591 2602 peritus
613 2509 724 2582 iterum
745 2513 902 2588 consultus
924 2515 1141 2594 confirmasset,
1165 2517 1310 2598 Atptroo-
1371 2511 1372 2564 ἶ

169 2637 236 2684 sum
258 2637 318 2681 non
347 2636 416 2680 esse
443 2623 639 2702 impotentem
671 2617 769 2702 quoad
792 2617 934 2696 viduam,
957 2617 1129 2700 Atphonsus
1157 2625 1310 2682 contraxit

169 2739 187 2786 a
211 2719 293 2785 1700
323 2740 392 2784 oum
422 2721 512 2784 vidua
535 2721 694 2786 Catharina
716 2721 754 2785 ii.
779 2719 887 2797 Nicro,
917 2727 947 2781 et
979 2727 1046 2800 post
1077 2725 1142 2806 oJ'us
1167 2727 1308 2800 mortem,

170 2823 368 2906 praecedente
391 2823 540 2888 Ordioarii
564 2825 700 2903 licentia,
734 2823 814 2886 aliud
838 2827 1057 2887 matrimonium
1092 2829 1159 2888 iniit
1181 2847 1199 2888 a
1228 2823 1309 2888 tatu

148 2946 238 2990 cum
260 2927 350 2989 vidua
360 2926 454 2990 Maria
466 2926 616 3004 Saoohcz;
639 2946 777 3008 cumque,
802 2927 856 2990 hac
878 2931 990 3007 pariter
1004 2935 1132 3006 mortua,
1156 2933 1308 2994 instaterit

172 3048 225 3114 pro
256 3028 392 3092 habenda
425 3031 565 3094 facultate
601 3031 729 3093 nubendi
761 3049 828 3092 cum
863 3033 981 3114 virgine
1003 3029 1132 3112 Joseptra
1160 3029 1307 3108 Sanctum,

170 3150 239 3196 oum
263 3151 320 3214 qua
343 3137 432 3194 etiarn
464 3135 572 3202 dicitur
601 3154 664 3198 rem
687 3133 844 3210 habuisse,
877 3139 907 3194 et
936 3139 1023 3214 periti
1055 3133 1194 3216 ajudicc
1219 3133 1308 3196 electi

171 3255 240 3299 euro
262 3233 390 3298 habilem
413 3243 443 3297 et
464 3237 605 3303 idoneum
633 3237 765 3298 dixerint
787 3235 822 3298 ad
846 3233 1084 3300 contrahendum
1108 3242 1138 3298 et
1161 3255 1308 3298 consum-

171 3338 312 3403 mandum
336 3357 403 3403 cum
426 3345 543 3424 virgine
562 3343 793 3415 matrimonium,
817 3356 855 3401 ax
877 3357 938 3420 quo
950 3343 1138 3420 potissimum
1164 3343 1308 3422 temporis

171 3441 317 3506 beneficio
339 3441 517 3506 immodicus
538 3441 590 3505 ilie
613 3443 704 3518 calor,
727 3463 744 3505 a
767 3461 826 3523 quo
848 3446 1055 3522 impotentiam
1072 3441 1211 3520 ducebat,
1236 3461 1308 3505 ces-

170 3551 299 3625 saverit,
326 3545 461 3610 vicarius
490 3546 645 3609 Generalis
674 3549 773 3608 omniu
802 3544 904 3606 retulit
936 3563 988 3624 per
1017 3545 1182 3626 epistolam·
1197 3545 1307 3609 Sacrae

173 3651 418 3734 Congragationi.
469 3647 593 3710 Videtur
624 3653 723 3711 autom
753 3651 880 3729 primum
905 3652 1126 3710 matrimonium
1157 3667 1226 3710 csse
1256 3653 1307 3711 iu-

172 3752 385 3830 staurandum,
416 3758 446 3816 ot
468 3749 655 3832 alphonsum
679 3751 777 3812 redire
801 3749 913 3814 debere
945 3750 981 3812 ad
1003 3751 1126 3816 Mariam
1149 3751 1306 3815 Harandez

171 3861 294 3936 primam
317 3855 493 3938 conjugem,
519 3860 588 3936 quia
611 3857 833 3916 matrimonium
855 3858 935 3914 inter
957 3870 1010 3916 cos
1032 3859 1219 3918 contractum
1242 3855 1307 3918 dis-

173 3957 302 4023 solutum
327 3956 383 4020 tuit
410 3973 449 4018 cx
472 3955 545 4020 tana
568 3974 673 4036 causa,
707 3975 746 4020 ex
775 3959 952 4036 impotentia
976 3953 1116 4018 videlicet
1138 3959 1305 4036 respectiva
