2758 4664
423 227 462 282 De
478 185 567 282 Gensis
584 223 816 282 matrimonialibus.
911 179 914 184 Ι
1127 211 1191 282 209

49 402 164 466 rerum,
189 394 309 468 praeter
331 403 436 448 causas
459 389 490 446 in
514 384 607 450 forma
624 401 784 467 pauperum
807 372 838 450 et
859 389 1009 450 communi
1032 385 1192 452 subicien-

49 493 96 550 tes
116 507 230 571 paucae
244 491 319 554 aliae
334 489 531 552 admittuntur
546 487 583 552 ad
599 488 832 568 dispensandum
846 493 878 552 in
897 488 1031 554 seeundo
1047 496 1078 552 et
1094 495 1192 572 primo

49 595 146 654 mixto
168 594 279 677 gradu,
305 599 335 654 et
359 593 425 656 aliis
447 592 722 673 aequivalentibus,
746 589 861 655 seilicet

79 695 115 770 l)
142 695 344 762 Conscientia
365 696 522 774 familiae,
547 713 585 756 ne
607 694 735 758 deficiat.

26 877 29 882 Ι
77 798 343 874 2)’ίόιιιενυαιίο
366 801 516 862 bonoram
536 803 616 862 intra
639 797 764 860 eandem
788 795 939 860 familiam.

76 899 115 977 3)
139 903 334 966 Eoeoetteats'a
356 905 523 982 insipninm
545 905 723 964 meritorum
743 906 776 964 in
798 901 974 966 Ecclesiam.

78 1001 117 1080 d)
143 1005 246 1070 Causa
263 1008 429 1086 poneretis,
453 1005 531 1068 dicta
551 1023 590 1066 ex
609 1010 700 1068 certis
719 1011 748 1066 et
768 1004 992 1068 rationabilibus
1009 1008 1118 1080 causis,
1141 1003 1191 1070 ubl

140 1113 239 1170 tamen
256 1109 399 1171 solvenda
414 1113 459 1170 est
475 1127 582 1192 inagna
600 1113 631 1168 et
644 1107 901 1170 extra-ordinaria
918 1113 987 1170 taxa
1006 1111 1196 1190 pecuniaria,

78 1211 116 1285 5)
141 1209 170 1270 Si
194 1229 233 1272 ex
247 1213 421 1274 levioribus
442 1229 532 1293 snpra
555 1211 631 1274 datis
653 1211 754 1292 plnres
776 1215 957 1274 concurrant
978 1211 1076 1274 simul.

80 1309 117 1388 6)
141 1311 271 1376 Evilatio
294 1315 502 1377 scandalorum
527 1317 677 1397 grauium.

80 1418 117 1491 7)
141 1415 352 1500 Praerogativa
372 1434 524 1498 personae
547 1435 613 1480 cum
637 1421 746 1500 regiis,
779 1414 932 1478 ducalibus
955 1421 989 1477 et
1011 1433 1084 1478 vere
1105 1419 1193 1497 prin·-
1279 1462 1283 1470 .

137 1519 273 1600 cipibus,
296 1537 355 1583 non
377 1527 476 1583 autem
499 1539 567 1582 eum
590 1523 726 1600 personis
751 1517 898 1582 nobilibus
920 1521 1046 1582 minoris
1067 1517 1189 1602 gratim.

138 1622 224 1684 ilatio
247 1629 302 1698 est,
326 1628 396 1706 quia
418 1621 577 1685 deliciante
600 1639 779 1704 quacunque
801 1639 910 1700 causa,
937 1620 1001 1684 solu
1023 1637 1192 1704 praeroga·
1272 1637 1274 1640 ·

141 1729 199 1786 tina
221 1743 370 1806 personae
392 1729 536 1807 principis
558 1730 712 1787 constituit
734 1725 881 1806 publicam
904 1742 1034 1788 oausam.
1046 1719 1073 1798 ¹)

140 1825 186 1889 Vl.
211 1827 243 1889 ln
266 1829 333 1892 loro
356 1833 488 1906 interno,
512 1827 549 1889 de
571 1829 701 1890 occultis
723 1829 958 1910 impedimentiS,
988 1827 1104 1890 facilius
1126 1825 1193 1888 dis-

51 1935 214 2012 pensatur,
249 1934 275 1992 si
298 1931 418 2014 quidem
442 1931 509 1994 talis
532 1932 678 1994 relaxatio
705 1931 781 2014 legis
801 1949 869 1994 non
891 1936 1003 1994 tantam
1030 1929 1121 1992 insert
1142 1934 1194 1991 in-

50 2036 164 2115 juriam
190 2050 285 2094 nervo
308 2033 483 2114 disciplinae
506 2033 741 2110 eeclesiasticam
765 2034 832 2097 bine
853 2038 885 2097 in
904 2033 960 2098 boe
982 2033 1048 2098 loro
1065 2052 1126 2096 non
1148 2034 1196 2095 est

52 2135 209 2197 distinctio
233 2135 393 2198 lormarum
416 2134 664 2215 dispensationis,
692 2155 749 2200 nee
771 2140 831 2202 ulla
853 2144 922 2202 taxa
945 2143 995 2202 aut
1017 2139 1195 2218 compositio

52 2239 196 2316 solvitur,
230 2256 266 2300 ao
293 2239 417 2319 proinde
446 2257 555 2302 causae
577 2257 716 2320 quaeque
744 2241 890 2318 leviores,
923 2243 949 2302 si
979 2239 1080 2318 plures
1106 2239 1197 2302 simul
1229 2309 1231 2313 ,

53 2347 247 2420 concurrant,
272 2345 362 2404 etiam
387 2360 439 2422 pro
456 2343 635 2422 pauperibus
657 2343 861 2409 admittuntur.
885 2343 944 2408 Sed
966 2343 1044 2404 bene
1058 2341 1197 2406 animad-

53 2445 234 2506 vertendum
266 2451 330 2524 est,
361 2463 423 2509 as.
448 2449 693 2525 poenitentiaria,
720 2445 750 2509 b.
775 2464 802 2510 e.
825 2450 858 2508 in
879 2445 946 2508 loro
967 2450 1103 2524 interno,
1136 2463 1198 2510 non

52 2547 224 2627 dispensari
247 2548 290 2615 de
309 2548 522 2628 impedimento
546 2553 813 2634 consanguinitatis
837 2555 883 2625 (ei
904 2547 1056 2611 affinitatis
1079 2565 1118 2611 ex
1140 2567 1198 2612 oo-

52 2652 123 2730 pulu
146 2651 243 2726 linita)
275 2655 307 2713 in
329 2652 391 2714 ullo
420 2651 517 2736 gradu
545 2651 583 2712 ad
606 2651 839 2716 contrabendum
862 2656 1099 2730 matrimonium,
1132 2656 1199 2734 post

53 2757 247 2816 contractum
267 2755 442 2838 conjuginm
465 2754 608 2816 duntaxat
628 2759 661 2818 in
685 2759 773 2819 tertio
796 2763 826 2818 et
847 2763 955 2839 quarto
978 2754 1092 2838 gradu,
1116 2761 1146 2816 et
1166 2758 1198 2817 in

54 2855 191 2918 seourmo
206 2857 310 2920 selum
329 2863 408 2936 tuno,
432 2857 551 2940 quando
565 2857 809 2938 impedimentum
822 2860 926 2922 saltem
951 2875 1005 2938 per
1020 2857 1199 2922 decennium

55 2957 177 3020 duravit
195 2959 344 3023 oecultum
359 2966 391 3024 et
409 2965 631 3025 matrimonium
649 2963 809 3025 sumbone
828 2961 886 3024 lide
905 2960 995 3024 luerit
1007 2967 1199 3044 protractum.
1252 3002 1255 3010 ·
1313 3015 1320 3020 .

56 3061 87 3124 Si
111 3067 212 3124 autem
237 3063 349 3148 gradus
371 3062 522 3127 allinitatis
545 3071 600 3137 (ex
617 3065 723 3146 copula
746 3066 841 3144 licita)
862 3063 910 3127 vel
931 3068 1200 3149 consanguinitatis

57 3169 119 3226 sint
142 3169 230 3229 mixti
253 3183 322 3228 cum
346 3173 457 3248 primo,
479 3171 710 3249 poenitentiaria
734 3168 908 3250 dispensare
932 3180 993 3230 non
1016 3165 1140 3246 solet.²)

154 3267 317 3343 Quaestio,
1111 3261 1113 3265 ⁴

147 3371 320 3448 Quaeritur
346 3369 392 3448 1⁰)
417 3391 487 3436 num
509 3371 668 3454 Episcopi,
700 3372 809 3456 quihus
832 3390 871 3436 ex
893 3371 1053 3456 privilegio
1075 3387 1207 3440 conces·

57 3492 124 3538 sum
138 3479 186 3538 est
201 3474 387 3556 dispensare,
410 3480 441 3536 in
464 3475 575 3558 tripiici
596 3475 690 3540 lnrma
707 3478 816 3545 Curiae
829 3475 981 3544 itomaoae
1003 3479 1119 3558 possint
1137 3473 1205 3540 dis·
1270 3530 1274 3540 .

58 3583 267 3659 pausationem
291 3576 469 3659 impertire?

86 3749 111 3814 1)
130 3747 231 3802 Causas
254 3755 279 3800 et
303 3747 397 3816 stylum
423 3747 606 3816 depromsimns
630 3765 645 3800 s
668 3747 763 3818 Pyrrhe
787 3746 910 3809 Conrado,
935 3745 979 3800 lib.
997 3745 1051 3801 vii.
1074 3763 1096 3802 c.
1114 3747 1204 3814 M„

80 3827 84 3830 ’
128 3833 273 3906 Sebinnlzg.
291 3838 328 3884 tit.
351 3835 388 3886 16.
405 3847 431 3886 ιι.
451 3836 597 3887 iot-iio.
615 3861 650 3882 -.··
667 3834 783 3886 lustrant.
802 3843 867 3901 past.
877 3832 899 3885 Ε
903 3841 948 3900 pst.
967 3851 992 3902 p.
1014 3834 1159 3888 sussssis.
1179 3843 1205 3889 et

61 3941 73 3958 ι
130 3937 157 3990 p.
176 3920 236 3973 232.
255 3916 356 3988 Knnpp,
371 3919 509 3992 llaringer,
527 3919 698 3981 lleillenstucl,
718 3937 776 3989 spp.
794 3923 820 3987 5.
838 3923 863 3974 3.
881 3937 906 3973 ιι.
921 3919 1049 3981 δῖε-1111.

88 4007 112 4074 ²)
131 4007 249 4059 instruct.
267 4013 331 4074 pest.
349 4005 418 4075 Eyst.
437 4024 461 4078 p.
481 4009 538 4062 324.
557 4005 657 4063 Picbler
673 4011 710 4061 tii.
729 4010 770 4061 tt.
789 4024 813 4060 u.
834 4007 874 4060 11.
891 4007 949 4059 siris
965 4007 1038 4073 s'nfra
1053 4007 1081 4071 2.
1098 4005 1140 4060 55.

113 4109 149 4153 De
162 4109 319 4153 matrimonio·
1009 4093 1048 4158 14
