2758 4664
183 193 257 263 210ι
468 169 476 178 -
552 213 589 268 De
607 207 696 270 Cauris
715 216 949 271 matrimonialibus.
1367 189 1368 268 d

272 379 305 454 li.
340 371 384 434 llll
413 378 569 452 auctores,
601 379 650 455 qui
682 373 758 438 banc
787 379 995 456 quaestionem
1024 379 1164 458 tangunt,
1196 378 1324 459 negant;

159 515 162 525 ·
187 473 306 538 Ptcbler
328 476 413 537 dicit:
449 475 610 557 „Episcopi
633 483 744 556 autem,
768 479 875 560 quibus
898 498 937 542 ex
960 479 1118 562 privilegio
1142 497 1325 542 concessum
1367 553 1368 574 χ

182 585 235 642 est
258 580 450 660 dispensare,
481 583 546 642 sive
568 598 636 642 oum
659 582 851 661 pauperibus,
884 587 949 645 sive
972 601 1039 646 cnm
1061 582 1128 644 aliis
1150 600 1277 664 semper
1296 587 1326 643 in

182 681 278 743 iorma
300 684 479 762 pauperum,
509 677 539 741 h.
564 699 589 742 e.
613 685 679 746 sine
701 683 760 746 ulla
789 685 929 748 mercede
950 691 982 748 et
1004 690 1125 751 omnino
1146 687 1255 766 pratis
1279 691 1325 745 te·

181 791 290 846 nentur
312 785 505 866 dispensare,
535 789 565 845 et
587 784 626 848 ob
655 786 727 848 alias
755 791 846 850 etiam
868 807 991 868 causas,
1021 793 1174 873 quamsit
1202 787 1323 868 copula,
1367 809 1368 812 ¹

180 868 230 950 ve'l
258 889 323 968 ejus
355 890 521 968 suspicio.“
533 885 561 963 ¹)
605 887 785 968 Ptpnatctb‘:
819 888 1008 968 „Ordinariis
1035 908 1126 966 vero,
1155 895 1186 952 et
1215 907 1323 952 eorum

181 991 309 1058 Vioariis
332 990 496 1074 Gregorius
518 989 595 1053 Xlll.
619 1009 658 1052 er
682 995 830 1054 sententia
852 993 880 1056 S.
906 993 1056 1076 congreg.
1079 993 1232 1072 decrevit,
1263 1011 1323 1056 non

182 1093 275 1156 licere
297 1094 409 1175 aliquid
432 1099 571 1174 accipere
594 1097 710 1158 ratione
732 1100 837 1174 tarrae,
861 1115 960 1180 neque
982 1101 1097 1158 ratione
1120 1096 1324 1159 consuetudi-

180 1201 228 1260 nis
251 1203 342 1258 etiam
364 1216 404 1260 ex
425 1197 652 1262 immemorabili
683 1205 835 1279 tempore,
866 1219 967 1282 neque
987 1204 1104 1264 ratione
1126 1200 1240 1284 sigilli,
1272 1199 1323 1261 vel

120 1381 125 1388 ι
179 1301 336 1382 cujuslibet
367 1301 490 1363 alterius
519 1304 562 1361 rei
590 1319 644 1381 pro
671 1307 845 1386 cognitione
878 1303 1083 1385 hujuscemodi
1110 1304 1323 1384 dispensatio—

177 1401 320 1480 nurn.“²)
360 1404 541 1467 Cos-rudos:
563 1403 643 1480 „Per
664 1404 739 1467 hano
762 1395 924 1470 cladsulam
948 1387 1122 1488 prohibetur
1143 1407 1200 1470 sub
1224 1423 1325 1486 poena

179 1511 504 1571 excommunicationis¹
521 1505 599 1568 latae
622 1513 804 1588 sententiae,
837 1527 877 1570 ne
900 1511 1072 1594 delegatus,
1094 1515 1142 1572 cui
1166 1509 1322 1590 praedicta

178 1611 362 1691 dispensatio
393 1613 587 1674 committitur
616 1611 809 1692 exequenda,
843 1613 960 1692 aliquod
991 1631 1100 1676 munus
1129 1617 1256 1694 recipiat
1287 1613 1323 1675 ab

179 1713 363 1792 Oratoribus,
391 1731 446 1775 sen
469 1697 582 1776 eorum
598 1713 693 1776 altero
701 1716 734 1788 ;“
746 1710 774 1791 ³)
798 1719 906 1796 etiam,
930 1735 1000 1778 num
1023 1721 1210 1797 poenitentia
1235 1716 1323 1778 salu-

62 1815 71 1822 ”
179 1821 252 1878 iaris
274 1818 344 1896 illis,
368 1835 436 1879 cum
459 1816 566 1896 quibus
588 1820 620 1878 in
643 1815 737 1878 forma
760 1835 922 1899 pauperum
946 1819 1149 1899 dispensatum
1172 1823 1231 1898 est,
1258 1822 1322 1878 im-

177 1923 273 1998 posita
290 1923 432 1998 praestari
446 1925 540 2001 possit
558 1937 611 1999 per
625 1919 844 2001 eleemosynas,
862 1921 1034 2004 negandum
1048 1941 1116 1985 esse
1131 1917 1327 2005 videtur.‘⁴⁴)l

176 2021 263 2085 Ratio
286 2027 348 2102 est,
381 2027 450 2105 quia
471 2023 598 2086 facultas
622 2022 812 2104 dispensandi
842 2042 881 2086 ex
902 2025 994 2106 justis
1023 2029 1121 2088 causis
1149 2023 1233 2088 aliud
1262 2031 1319 2105 est,

177 2143 266 2205 quarn
297 2127 422 2190 incultas
451 2126 666 2211 obligationem
694 2127 771 2210 legis
794 2129 826 2188 in
848 2127 969 2208 aliquod
996 2145 1071 2210 opus
1099 2132 1221 2210 pietatis
1249 2147 1320 2190 mu-

180 2226 322 2308 tandi;⁵)
345 2229 471 2293 fortasse
494 2234 601 2310 etiarn,
631 2233 701 2312 quia
722 2229 796 2294 haee
818 2229 943 2294 facultas
972 2235 1060 2294 nimis
1083 2231 1213 2296 obnoxia
1238 2239 1320 2296 esset

175 2329 291 2396 abusui.
924 2347 926 2350 ·

262 2433 432 2510 Quaeritur
455 2435 507 2514 2⁰)
527 2430 568 2500 'an
591 2440 734 2518 episcopi,
759 2439 811 2518 qui
834 2453 874 2498 ex
896 2442 980 2518 quasi
1004 2439 1163 2522 privilegio
1187 2439 1318 2520 dispen-
1367 2431 1368 2480 Ψ

112 2609 116 2624 Ι
174 2544 241 2600 sant
263 2543 328 2601 sine
351 2539 543 2602 distinctione
567 2538 739 2618 formarum,
764 2559 832 2604 cum
851 2541 989 2604 omnibus
1012 2542 1124 2622 absque
1140 2541 1318 2606 discrimine

174 2657 213 2702 ex
235 2645 272 2703 iis
295 2648 403 2722 causis,
431 2644 470 2706 ob
493 2661 567 2724 quas
588 2646 622 2704 in
644 2641 739 2706 forma
762 2647 912 2706 communi
935 2650 965 2708 et
987 2645 1131 2708 nobilium
1154 2645 1317 2727 dispensa·

173 2749 232 2824 tur,
256 2745 431 2827 dispensare
453 2747 572 2811 valeant
594 2749 624 2808 in
648 2744 745 2828 gradu
767 2745 901 2811 secundo
924 2754 955 2810 et
977 2753 1071 2813 mixto
1093 2749 1215 2831 primo?

259 2855 292 2930 ι).
315 2849 493 2933 Negandum
517 2867 584 2912 osse
607 2848 741 2924 videtum
772 2853 856 2930 qnia,
884 2849 1000 2914 sublato
1024 2857 1110 2914 laxae
1132 2859 1164 2914 et
1186 2871 1315 2935 compo·

173 2955 290 3015 sidonis
321 2953 426 3017 fraeno
449 2953 561 3035 absque
589 2949 649 3015 ulla
667 2950 855 3015 ,conditionis
882 2972 1077 3036 personarum
1106 2955 1312 3035 distinctione,

184 3135 223 3201 ⁴)
243 3137 349 3198 Pichler,
369 3143 403 3191 tit.
423 3141 462 3194 le.
481 3157 506 3192 ιι.
528 3139 567 3194 lt.

198 3223 220 3288 ²)
239 3219 371 3294 Piguatelli
390 3225 504 3280 conscit.
523 3236 583 3278 tom.
603 3227 626 3280 6.
645 3242 670 3278 n.
689 3225 731 3278 97.
838 3235 846 3243 ·

195 3307 218 3374 'J
241 3309 344 3362 Corrad.
364 3310 403 3363 lb.
424 3313 478 3364 Vll.
496 3328 518 3364 c.
537 3315 560 3366 6.
579 3328 604 3364 u.
623 3311 647 3364 8.
666 3311 794 3379 Sancbea,
812 3311 855 3366 lib.
873 3313 897 3365 8.
916 3312 980 3382 disp.
1000 3315 1040 3367 35.
1058 3331 1084 3370 ιι.
1102 3315 1145 3368 52.

178 3393 221 3462 '⁴)
240 3393 345 3450 Corrad.
364 3396 405 3451 bb.
425 3397 489 3450 vill.
508 3415 529 3449 c.
549 3401 573 3450 5.
594 3399 706 3452 tid-79.

179 3479 218 3548 ’5)
237 3483 373 3546 Sancbez:¹
398 3485 446 3548 „ln
471 3485 528 3554 lege
552 3486 688 3552 superioris
713 3499 764 3535 nou
789 3493 871 3550 potest
895 3486 998 3538 inierior
1019 3487 1166 3555 dispensare
1191 3491 1311 3544 amieis

237 3574 440 3631 commutatione,
459 3568 560 3640 qirando
573 3578 671 3622 constat
683 3583 733 3622 non
747 3569 837 3623 adesse
849 3587 951 3623 causam
967 3573 1062 3639 (alitor)
1075 3573 1170 3639 justam
1185 3575 1218 3627 ad
1237 3577 1310 3644 piene

235 3653 448 3723 dispensandum,
475 3654 542 3724 qnod
566 3664 625 3706 iuno
647 3661 752 3708 omnino
775 3657 902 3710 relaxetur
925 3675 955 3712 ea
973 3659 1026 3725 lex;
1052 3676 1103 3711 non
1127 3663 1195 3713 enirn
1220 3663 1309 3715 eadem

228 3739 275 3792 lex
294 3750 375 3810 potest
393 3745 418 3794 in
437 3742 510 3794 aliam
529 3745 659 3794 materiam
678 3745 818 3808 transferri,
837 3746 884 3796 nisi
903 3761 949 3811 per
966 3744 1211 3816 legislatorem.“-·
1229 3749 1273 3801 lib.
1284 3750 1307 3801 8.

109 3839 114 3846 ·
194 3871 198 3880 ,
236 3825 302 3895 disp.
324 3829 364 3880 lt.
382 3845 407 3880 ιι.
427 3830 451 3880 2.
486 3825 633 3894 Βιιπειιιια
658 3829 713 3891 „Si
728 3829 919 3899 episcopans
933 3829 1070 3898 privilegii
1085 3833 1235 3901 dispensat,
1253 3836 1307 3886 dis·

230 3919 350 3981 pensatio
368 3931 426 3966 cum
443 3919 532 3985 quaem
550 3917 630 3966 ctiam
647 3915 727 3968 dieite
743 3933 844 3986 semper
860 3919 961 3984 pratis,
986 3924 1012 3968 et
1028 3921 1068 3970 ssa
1084 3921 1113 3970 s'n
1133 3920 1222 3984 [urina
1237 3935 1306 3990 pm·

232 4003 323 4065 penum
337 4000 399 4065 fieri
414 3999 517 4052 dedet.“
533 4000 643 4070 append.
665 4018 690 4054 ιι.
709 4003 769 4057 370.
