2764 4664
442 143 444 145 ⁵
505 156 585 212 ocu·
604 155 811 210 matrimoniales.
1160 133 1223 204 335

87 317 114 380 b.
137 337 163 381 a.
187 317 223 380 ad
255 315 568 393 indissolubilitatem,
602 333 661 378 non
689 311 848 396 statuendo
879 331 988 376 novam
1021 312 1137 395 legem,
1172 309 1225 373 sed

87 419 250 484 auterendo
282 419 549 498 dispensationem,
583 436 659 498 quae
687 421 766 480 eirca
796 415 904 478 dictam
934 413 1226 480 indissolubilitatem

89 521 187 586 suerat
209 540 361 586 concessa.
405 519 442 582 Et
465 520 535 581 licet
556 524 653 582 etiam
677 517 766 582 bodie
794 523 875 580 inter
898 518 1066 597 Hebraeos,
1099 521 1227 580 scienti-

88 625 142 686 bus
176 629 206 684 et
238 623 434 686 tolerantibus
465 621 677 703 Superioribus
715 619 952 702 Ecclesiasticis,
986 625 1087 706 vigeat
1126 625 1226 700 praxis

8 775 9 784 ,
87 727 220 808 repudii,
243 725 318 789 haee
342 731 440 786 tamen
464 730 495 786 et
517 723 624 788 similia
646 729 789 804 poterunt
810 724 846 784 ad
875 743 1023 786 summum
1047 725 1102 788 sibi
1125 725 1226 786 locum

87 829 240 892 vindicare
262 834 293 890 in
316 827 441 908 repudio
465 832 544 888 intcr
566 825 703 888 infideles
727 831 835 902 misso,
858 833 889 888 et
910 827 1017 890 iisdem
1039 831 1070 888 in
1092 827 1227 890 infideli-

86 939 146 994 tate
170 931 427 1012 permanentibus,
460 947 549 992 secus
579 919 689 1007 autem,
723 937 811 1008 prout
839 931 915 992 alter
937 949 976 992 ex
1004 933 1049 992 eis
1076 930 1113 994 ad
1137 929 1226 992 fidem

87 1053 251 1096 conversus
274 1041 329 1096 est.
620 1113 623 1118 Ι

172 1137 230 1201 Sed
253 1141 416 1218 quaeritur,
441 1155 478 1198 an
503 1135 649 1198 stantibus
672 1139 902 1197 circumstantiis
925 1153 963 1196 ex
986 1139 1150 1218 superioris
1173 1140 1224 1195 in-

86 1241 239 1324 dulgentia
270 1243 367 1302 omitti
402 1243 494 1319 possit
524 1243 554 1300 in
585 1255 657 1299 casu
688 1238 897 1316 interpellatio.
943 1237 1081 1302 Nonnulli
1110 1243 1225 1320 putant,

87 1341 334 1406 concurrentibus
357 1341 504 1404 similibus
521 1343 752 1403 circumstantiis
767 1343 877 1402 omissa
890 1341 1131 1422 interpellatione
1149 1361 1228 1404 con-

8 1491 10 1514 .
85 1449 169 1530 jugis
192 1444 319 1506 infidelis
343 1442 460 1504 fidelem
484 1461 573 1523 posse
603 1447 731 1504 transire
758 1442 794 1503 ad
826 1441 897 1504 alias
927 1448 1053 1524 nuptias.
1099 1443 1227 1506 Econtra

87 1550 136 1610 alii
160 1552 300 1624 censent,
332 1546 411 1626 quaid
435 1549 524 1608 etiam
552 1545 1069 1625 concurrentibuscircumstantiis,
1101 1546 1138 1608 de
1157 1548 1227 1628 jure

8 1693 10 1722 ,
88 1657 126 1712 sit
150 1652 232 1712 locus
255 1649 501 1728 interpellationi,
525 1647 578 1710 sed
602 1648 729 1728 quodsi
754 1665 863 1730 graves
886 1652 960 1725 sint,
994 1647 1096 1712 haberi
1119 1649 1228 1712 debeat

89 1771 229 1816 recursus
251 1751 286 1813 ad
309 1751 463 1814 Summum
488 1750 677 1827 Pontificem
708 1751 793 1829 quus
816 1755 877 1828 est,
910 1755 940 1812 in
963 1769 1000 1813 eo
1024 1769 1123 1814 rerum
1147 1757 1227 1816 statu

8 1891 10 1928 ς
90 1857 265 1940 indulgere,
291 1861 324 1916 ut
346 1859 456 1916 omissa
479 1859 747 1934 interpretatione,
770 1855 882 1936 conjux
906 1853 1000 1916 fidelis
1023 1856 1060 1918 ad
1083 1856 1138 1917 alia
1158 1861 1226 1918 vota

8 2021 9 2024 ,
90 1962 218 2020 transire
241 1961 392 2036 possit...
417 1956 470 2018 His
490 1958 648 2036 stantibus,
673 1956 874 2040 dignabuntur
896 1957 953 2022 EE.
978 1956 1039 2021 VV.
1063 1959 1227 2022 decernere

177 2061 196 2124 1.
220 2061 268 2122 An
292 2059 416 2140 dejure
439 2065 608 2122 necessaria
631 2065 670 2122 sit
691 2060 891 2140 interpellatio
912 2066 944 2122 in
966 2079 1056 2140 casu,
1090 2069 1147 2122 etc.
1170 2069 1227 2124 etc.

90 2171 120 2224 et
144 2169 290 2244 quatenus
312 2160 497 2225 allirmative.

179 2265 213 2328 11.
236 2264 304 2343 An,
336 2263 483 2326 stantibus
506 2268 755 2341 circumstantiis,
777 2265 960 2349 indulgenda
984 2269 1023 2327 sit
1044 2265 1228 2346 dispensatio
1257 2317 1258 2320 ,

87 2369 125 2430 ab
149 2367 390 2446 interpellatione
412 2371 441 2428 in
466 2385 548 2444 casu,
572 2374 629 2430 etc.

178 2467 206 2532 S.
231 2467 261 2532 C.
287 2469 318 2530 C.
342 2469 511 2548 respondit:
536 2468 607 2548 „Ad
631 2476 789 2550 uirumque
812 2469 1022 2532 affirmative‘.
1047 2470 1094 2534 17.
1111 2471 1225 2534 ianuar

91 2569 220 2641 1722¹t

536 2743 655 2808 Casus
677 2743 782 2808 XXIV.

138 2913 320 2986 Ingressus
338 2911 376 2971 in
393 2911 597 2985 religionem
614 2925 657 2972 ex
674 2911 898 2972 matrimonio
916 2915 1168 2974 consummato.

175 3071 261 3134 Anno
288 3067 379 3148 1753,
404 3069 653 3143 dumBarcinone
675 3090 729 3152 pro
752 3088 807 3134 suo
833 3088 958 3134 munere
975 3071 1226 3152 commorabatur,

82 3171 365 3258 insignismilitari
397 3171 493 3255 gradu
516 3173 655 3236 Nicolaus
686 3173 760 3234 Ruiz
797 3173 833 3234 de
862 3175 974 3251 Turre,
1008 3180 1229 3238 matrimonium

83 3281 236 3340 contraxit
257 3295 324 3338 cum
348 3273 498 3336 Elisabeth
520 3275 625 3353 Riboi,
657 3276 786 3338 claruet
814 3283 933 3338 secreto
957 3281 1072 3357 tamen,
1103 3279 1141 3340 cb
1164 3278 1230 3340 dis-

82 3398 188 3460 parem
214 3377 414 3440 conditionem
437 3378 569 3458 puellae,
603 3384 633 3439 et
657 3383 726 3458 quia
751 3385 816 3440 sine
847 3379 906 3441 ulla
929 3383 1017 3441 venia
1046 3384 1125 3441 inter
1147 3381 1230 3441 mili-

83 3487 162 3544 taria
186 3480 333 3560 stipendia
366 3478 605 3544 contrahebatur.
652 3480 726 3543 Cum
751 3499 786 3543 ea
821 3481 934 3562 aliquot
962 3482 1115 3545 mensibus
1144 3487 1228 3546 vixit.

82 3585 200 3646 Unicus
229 3581 306 3644 filius
340 3589 513 3662 natusest,
552 3587 603 3664 qui
631 3583 730 3646 infans
764 3582 847 3644 obiit.
889 3581 976 3645 Pater
1006 3602 1079 3646 vero
1112 3583 1230 3646 militari

80 3689 177 3750 ductu
207 3690 333 3766 primum
364 3691 468 3764 petere
492 3687 685 3748 Gaditanum
713 3683 910 3766 praesidium,
941 3684 1012 3746 inde
1042 3691 1172 3772 mipmre
1199 3690 1230 3746 in

115 3923 142 3990 ¹)
162 3921 285 4012 thesaur.
303 3921 406 3976 resolui.
425 3931 483 3974 tom.
501 3923 526 3974 2.
544 3940 569 3991 p.
585 3923 642 3978 116.
658 3931 705 3975 etc.
717 3921 910 3976 CausFlorent.
