2746 4646
324 253 360 306 [ie
378 253 565 324 impedimentis
584 258 772 308 matrimonium
790 253 975 308 dirimentibus.
1158 237 1216 306 101

171 429 340 505 Quaerite:

170 531 342 610 Quaeritur
369 531 401 609 1)
425 531 484 594 Cur
499 536 595 594 metus
612 535 714 614 gravis
728 529 817 610 juste
839 537 977 597 incussus
998 537 1217 598 matrimonium

83 653 143 698 non
166 635 290 698 irritet?

170 747 202 820 it.
227 737 313 801 Ratio
329 744 388 800 est:
409 735 443 814 1)
467 744 536 820 quia
550 739 617 802 tatis
634 745 731 801 metus
746 743 887 802 censetur
900 737 1010 812 iitatus,
1034 759 1094 804 non
1120 747 1178 804 tam
1203 761 1219 805 a

78 843 182 924 judice
205 843 252 905 vei
276 848 420 924 parente,
450 841 504 904 sed
528 861 544 903 a
568 843 653 926 iege,
681 841 903 922 suiipsorum,
933 845 982 922 qui
1006 847 1118 906 metum
1142 844 1220 906 bunc

85 951 211 1026 patitur,
240 945 310 1008 dum
333 962 386 1008 sua
410 945 496 1027 eulpa
519 944 549 1007 id
573 945 659 1024 iecit,
694 951 818 1027 propter
845 945 925 1027 quod
948 949 1067 1025 nuptias
1091 943 1146 1011 sub
1170 947 1220 1011 tati

83 1053 317 1112 comminatione
339 1047 375 1111 ab
398 1066 435 1111 eo
459 1051 540 1132 exigi
567 1049 636 1130 jura
659 1053 874 1130 permiserunt3
905 1048 942 1127 2)
965 1049 1108 1133 conjugio
1139 1056 1221 1112 metu

83 1157 199 1213 extorta
216 1155 371 1214 irritantur
390 1155 527 1233 praecise
545 1170 604 1215 non
624 1143 704 1231 ideo,
728 1157 797 1235 quia
809 1157 835 1214 ts
853 1149 1019 1233 perfectum
1037 1157 1067 1214 et
1088 1151 1125 1214 ad
1142 1173 1219 1216 eon-

82 1272 206 1318 sensum
229 1261 426 1336 spontaneum
449 1258 623 1336 requisitam
648 1256 813 1319 libertatem
843 1255 938 1333 toltit,
971 1254 1026 1316 sed
1048 1257 1117 1336 quia
1142 1255 1221 1318 bunc

84 1357 161 1419 toltit
178 1359 300 1439 injuste,
324 1375 377 1420 seu
396 1359 484 1422 modo
501 1376 562 1421 non
578 1363 724 1439 permisso
739 1378 755 1423 a
770 1360 859 1442 jure3
883 1357 917 1434 3)
940 1359 1036 1422 sotum
1052 1359 1103 1420 iiio
1122 1365 1220 1422 metus

81 1465 179 1524 irritat
203 1465 435 1540 matrimonium,
460 1466 511 1543 qui
534 1468 671 1526 caeteros
688 1467 859 1527 contractus
882 1462 953 1524 iacit
974 1467 1145 1525 rescissioni
1162 1463 1221 1525 ob·

81 1569 205 1639 noxios3
239 1571 320 1648 atqui
350 1566 389 1629 ob
416 1569 528 1628 metum
555 1567 637 1647 juste
664 1571 817 1630 incussum
847 1571 1019 1629 contractus
1041 1571 1134 1629 ceteri
1159 1585 1220 1630 non

79 1668 293 1732 rescinduntur
300 1691 309 1745 ;
332 1669 440 1733 similis
463 1673 544 1731 enim
558 1673 655 1731 meins
680 1685 735 1732 nec
756 1669 831 1733 toltit
846 1667 1057 1749 voluntarium,
1080 1687 1138 1732 nee
1160 1689 1220 1734 an-

80 1791 190 1836 nexam
204 1771 294 1836 babet
309 1773 464 1855 injuriam3
482 1772 668 1852 proindeque
677 1789 738 1835 non
750 1775 872 1853 apparet
888 1775 974 1850 ratio,
993 1779 1218 1856 propterquam

79 1882 295 1940 nocumentum
325 1873 435 1938 niierre
467 1879 562 1956 possit
589 1875 678 1938 alicui
712 1879 798 1956 pacto
830 1875 878 1936 rei
907 1881 1085 1939 contractui.
1108 1913 1151 1926 -
1174 1875 1218 1940 ita

79 1983 291 2044 communiter.

167 2081 339 2157 Ouncritur
361 2081 413 2160 2⁰)
438 2079 515 2156 Ouid
539 2079 700 2144 dicendum
724 2079 761 2142 de
785 2086 866 2144 metu
889 2083 1108 2148 reverentiaii?

166 2191 199 2266 tt.
228 2185 261 2262 1)
283 2185 381 2248 Metus
397 2185 607 2248 reverentiulis
629 2185 717 2248 datur
738 2189 769 2248 in
792 2203 841 2265 eo,
865 2189 915 2267 qui
935 2187 1004 2267 jure
1017 2187 1120 2269 aliquo
1143 2185 1218 2250 sub-

74 2289 219 2371 jectionis
241 2289 327 2352 atteri
350 2287 467 2367 subest,
499 2287 567 2351 binc
589 2293 620 2351 in
643 2306 741 2352 uxore
762 2293 902 2370 respectu
925 2293 999 2368 viri,
1023 2294 1055 2352 in
1078 2289 1140 2352 iiiio
1162 2307 1217 2352 re-

78 2398 186 2473 spectu
208 2398 310 2474 patris,
333 2397 365 2455 in
389 2391 498 2454 clerieo
521 2397 662 2474 respectu
685 2396 829 2474 episcopi,
853 2395 883 2454 tn
906 2393 1053 2456 saeculari
1078 2397 1217 2474 respectu
1303 2451 1307 2464 ,

80 2501 291 2580 magistratum
314 2497 394 2559 idem
417 2495 577 2560 dicendum
600 2502 740 2577 respectu
758 2498 867 2574 soceri,
891 2499 961 2577 quia
979 2513 1066 2559 socer
1085 2499 1219 2578 parentis

79 2601 180 2662 iocum
202 2600 333 2675 obtinet3
378 2605 468 2662 eiiam
492 2599 531 2686 de
553 2617 625 2673 auo,
656 2601 725 2680 quia
747 2601 898 2680 tamquam
921 2603 1006 2680 pater
1027 2599 1151 2678 colitur,
1186 2607 1217 2664 et

79 2701 116 2764 de
138 2709 297 2779 curatore,
330 2708 381 2785 qui
411 2703 479 2766 ioco
509 2705 643 2784 parentis
670 2699 812 2778 babetur;
852 2707 1029 2781 inserere,
1070 2709 1100 2764 et
1124 2703 1216 2768 tratre

79 2810 196 2870 minore
226 2813 367 2888 respectu
396 2805 497 2870 fratris
529 2805 652 2886 majoris
683 2811 773 2884 natu,
806 2805 936 2888 quando'
957 2805 999 2868 iiii
1031 2805 1216 2871 cumfratre

78 2912 193 2993 majore
216 2909 386 2974 cohabitant
409 2915 440 2971 et
467 2907 634 2974 abeodem
658 2909 873 2994 gubernantur.
919 2909 964 2972 De
988 2913 1094 2975 timore
1117 2917 1216 2974 nutem

77 3017 182 3077 matris
205 3013 307 3076 dicunt
329 3031 390 3077 non
412 3011 570 3090 sufficere,
593 3016 666 3096 quia
689 3013 817 3075 ieminac
840 3017 937 3078 minus
960 3017 1119 3094 timentur,
1149 3033 1218 3078 cum

77 3121 178 3178 minus
216 3115 346 3181 audaces
383 3121 443 3180 sint
475 3122 505 3178 et
540 3115 764 3179 imbecilliores.
808 3115 885 3179 ltine
923 3135 985 3181 non
1017 3124 1219 3200 praesumitur

76 3225 192 3298 metus,
234 3225 262 3283 si
295 3221 355 3284 iiiia
384 3219 539 3284 contrahat
566 3225 598 3283 tn
627 3223 795 3302 praesentia
827 3223 945 3300 matris,
984 3225 1062 3285 sicut
1096 3222 1217 3304 quando

74 3329 237 3404 praesente
260 3329 359 3405 patre,
383 3329 499 3406 excipe,
524 3329 549 3386 si
574 3327 669 3387 maier
692 3327 773 3386 esset
795 3323 938 3401 crudetis,
969 3331 999 3386 et
1021 3331 1140 3388 austera
1163 3345 1219 3391 so-

75 3428 191 3508 litaque
222 3429 321 3490 minas
349 3429 469 3508 exequi.
502 3463 540 3473 -
573 3427 610 3505 2)
632 3427 731 3490 Metus
763 3427 972 3491 reverentiatis
1001 3431 1033 3490 in
1061 3427 1118 3492 hoe
1141 3448 1218 3493 eon-

75 3535 175 3610 sistit,
211 3537 243 3593 ut
272 3530 310 3593 ob
340 3533 541 3594 reverentiam
573 3537 604 3594 et
632 3531 810 3614 obsequium
846 3529 1053 3614 superioribus
1083 3531 1217 3596 debiturn

76 3633 188 3698 subditi
212 3637 312 3696 minus
334 3631 462 3698 audeant
482 3636 618 3714 ipsorum
641 3636 787 3700 voluntati
811 3635 1029 3700 contradicere.
1076 3632 1113 3712 3)
1137 3635 1218 3700 Sen-

78 3741 170 3800 tentia
193 3736 289 3801 multo
312 3742 424 3818 venus,
447 3745 481 3800 ut
502 3739 575 3802 dicit
598 3739 741 3818 Sanebaa,
755 3738 779 3815 ¹)
803 3745 886 3803 tenet
909 3739 1008 3802 scium
1030 3743 1142 3802 metum
1164 3759 1218 3803 re·

146 3873 274 3943 obligatur
300 3891 332 3926 ex
350 3873 463 3940 justitia,
492 3875 607 3944 quamvis
626 3879 716 3944 possit,
742 3877 789 3928 nisi
812 3875 889 3928 titiam
915 3875 988 3942 bujua
1009 3883 1102 3928 oretum
1121 3879 1218 3948 patiens

144 3960 228 4012 ducat
247 3959 294 4012 Tit.
314 3959 334 4011 1.
357 3975 382 4012 n.
401 3963 425 4013 1.
444 3977 468 4013 v.
487 3962 512 4014 3.

102 4045 122 4112 1)
140 4044 265 4099 Sanobeu.
284 4045 328 4099 tib.
345 4048 370 4100 t.
389 4048 453 4118 disp.
472 4049 495 4101 6.
514 4063 561 4116 par
578 4056 675 4102 tot-
693 4049 759 4103 coni.
778 4045 870 4102 &aum
892 4048 931 4101 11.
