2736 4660
493 201 574 268 Casas
591 203 797 261 matu'moniatea
1162 185 1224 256 367

176 361 230 424 llis
253 361 400 428 stantibus
423 360 452 426 S.
471 360 501 424 G.
517 360 548 422 C.
568 360 606 426 ad
628 359 717 425 dubia
743 359 776 436 1)
798 379 836 424 an
860 359 938 424 adsit
957 359 1077 441 aliquod
1099 360 1231 444 impedi-

88 471 223 528 mentum
244 463 410 544 impediens
434 469 464 524 et
481 463 625 528 dirimens
640 453 858 528 matrimonium
877 467 909 526 iu
925 481 997 526 oasu
1014 467 1074 526 ete.
1098 471 1128 526 et
1151 483 1230 546 qua-

87 575 179 634 tenus
207 566 400 642 affirmative3
429 567 463 642 2)
487 567 638 648 quomodo
667 572 706 630 sit
732 565 972 648 procedendum,
1002 565 1051 628 die
1073 563 1123 632 28.
1148 565 1229 647 Sept.

89 669 173 736 1726
196 674 366 750 rescripsttz
389 668 587 748 „Ordinarius
604 669 747 750 prooedat
770 675 856 750 prout
873 669 910 730 de
929 670 1008 752 jure,
1034 675 1064 730 et
1082 669 1229 734 scribatur

86 773 187 836 eidern
208 775 294 854 juxta
317 770 613 846 instructionem.“¹)

528 968 672 1032 Casus
713 967 784 1030 XLl.

579 1099 729 1164 caman.

176 1238 210 1318 1)
234 1240 337 1301 Petrus
346 1285 354 1316 ,
386 1237 476 1317 liber,
507 1237 613 1302 Bartae
637 1241 818 1324 conjugatae
847 1243 1071 1303 matrimonium¹
1091 1247 1225 1324 promistt

85 1347 303 1426 postmortem
327 1345 383 1401 viri
407 1346 466 1416 sui;
491 1348 534 1420 at,
568 1349 670 1424 eaptus
693 1361 796 1405 amore
818 1343 1011 1424 Franoisoae,
1041 1343 1118 1408 hanc
1141 1346 1225 1408 duxit

84 1453 116 1509 in
140 1465 278 1508 uxorem.
301 1443 370 1507 Post
392 1449 577 1506 contractum
601 1447 659 1507 tale
682 1451 913 1522 matrimonium,
935 1447 1113 1528 adulterium
1137 1467 1223 1510 com-

85 1555 168 1612 misit
191 1567 257 1610 eum
282 1547 377 1608 Berta.
401 1543 517 1607 Obeant
540 1547 647 1609 deiude
670 1553 717 1609 vir
738 1547 855 1629 Bartae,
880 1557 910 1610 et
924 1549 1089 1613 Francisoa.
1122 1549 1225 1623 Quae-

88 1659 184 1732 ritur,
210 1672 245 1713 en
271 1641 373 1712 Pelius
396 1657 426 1710 et
449 1649 535 1712 Berta
559 1656 672 1730 possint
694 1657 772 1712 inter
795 1669 827 1713 se
850 1657 1070 1715 matrimonium
1092 1658 1180 1714 inire.

172 1756 259 1834 Resp.
282 1753 479 1834 affirmative.
524 1755 626 1833 Ratio,
657 1761 741 1834 qula,
773 1761 804 1816 ut
827 1753 986 1817 induentur
1007 1759 1140 1818 oriminis
1163 1761 1224 1816 irn-

84 1859 306 1940 pedimenturn,
339 1857 418 1938 quod
441 1857 549 1918 dieitur
571 1857 750 1919 adulterium
774 1877 840 1918 cum
864 1861 1079 1938 promissione,
1104 1858 1141 1919 de
1164 1875 1224 1939 quo

82 1967 173 2024 uuioe
189 1960 323 2021 dubitare
335 1966 433 2041 potest
454 1965 664 2041 inpraesenti,
687 1960 797 2022 debent
816 1961 908 2021 simol
926 1979 994 2022 esse
1011 1965 1172 2042 promissio
1194 1968 1224 2022 et

82 2065 272 2126 adulterium.
288 2061 350 2124 Hoc
362 2070 461 2124 autem
473 2078 532 2124 non
544 2063 716 2124 verificatur
727 2065 756 2122 ln
768 2079 838 2124 casu
845 2083 854 2140 ;
868 2081 935 2125 narn
948 2063 1018 2124 lieet
1030 2063 1142 2126 fuerint
1154 2081 1222 2144 pro·

82 2171 189 2228 missio
207 2173 236 2225 et
252 2165 440 2240 adulterium,
455 2169 616 2246 promissio
634 2172 732 2226 tamen
753 2163 808 2226 suit
826 2172 896 2227 ante
911 2166 1088 2228 adulterium
1105 2171 1223 2227 retrae-

79 2275 154 2345 tata,
169 2268 248 2349 quod
266 2266 385 2346 sullloit,
406 2285 443 2328 ne
455 2269 581 2329 resultet
592 2269 725 2328 oriminis
737 2265 992 2347 impedimentum,
1008 2287 1075 2332 eum
1088 2274 1131 2331 sie
1142 2275 1224 2330 esset

80 2372 151 2433 finis
169 2371 387 2452 impedimentl3
405 2369 460 2431 luit
475 2375 554 2431 enirn
573 2375 741 2449 rensotata,
758 2375 783 2432 si
795 2388 854 2432 non
866 2390 920 2452 per
932 2372 1032 2451 ver-lta,
1053 2373 1157 2434 saltent
1168 2387 1222 2453 per

79 2476 208 2551 laetum,
234 2473 348 2534 seilicet
370 2489 423 2551 per
446 2477 667 2536 matrimonium
683 2475 790 2534 initum
811 2491 878 2534 cum
890 2473 1050 2536 Francisoa
1066 2481 1132 2555 post
1146 2491 1222 2556 pro-

80 2581 255 2640 missionem
265 2573 371 2637 Bertae
381 2576 502 2652 laetam,
522 2583 551 2636 et
563 2582 631 2638 ante
648 2575 825 2639 adulterium
843 2579 1002 2656 patratum3
1014 2583 1221 2656 quaeretrao-

80 2685 154 2741 tatio
168 2683 239 2741 satis
255 2685 311 2747 est,
323 2678 419 2758 quoad
437 2675 575 2741 ellectum
586 2685 783 2760 praesentem,
801 2683 825 2740 si
843 2695 860 2740 a
875 2683 1067 2758 promittente
1085 2679 1144 2760 ilat,
1169 2687 1221 2742 ut·-

79 2789 152 2864 pote
163 2782 199 2844 ab
210 2786 295 2844 initio
306 2785 399 2860 irrita,
412 2787 442 2842 et
454 2783 548 2864 ajuro
566 2782 733 2863 reprobata,
748 2783 818 2842 lieet
838 2799 900 2843 non
911 2780 1219 2847 sullieiatretraetatie

81 2904 137 2965 per
160 2885 268 2948 sactum
292 2889 473 2946 contrarium
494 2886 530 2948 ab
553 2901 610 2948 una
628 2891 712 2966 parte
731 2890 844 2946 tantum
859 2884 895 2946 ad
909 2887 1110 2970 extinguenda
1125 2905 1220 2968 spon-

79 2989 156 3053 salia
170 2987 267 3050 vallde
289 2995 451 3068 contracta,
476 3008 543 3051 cum
567 2989 730 3068 sponsalia,
754 2991 841 3049 sicuti
866 2988 903 3050 ad
925 2987 991 3067 hoe,
1015 2995 1047 3050 ut
1068 2987 1220 3051 inducan-

81 3098 130 3153 tur
152 3091 249 3154 valida
282 3091 411 3169 debeant
441 3109 510 3154 esse
538 3097 639 3154 mutua
669 3095 845 3172 promissio,
878 3097 926 3164 ita
949 3098 981 3154 ut
1011 3095 1217 3174 extinguatur,

79 3199 245 3276 requiritur
266 3201 385 3256 mutuus
408 3211 583 3256 consensus.
622 3193 652 3256 Si
676 3211 751 3277 ergo
774 3199 934 3273 promissio
958 3194 1015 3256 suit
1036 3199 1107 3255 ante
1129 3193 1219 3256 adul-

78 3301 189 3358 terium
207 3303 376 3376 retractata,
392 3299 454 3378 jam
472 3315 533 3358 non
550 3297 671 3359 fuerunt
691 3298 782 3359 simul
797 3301 957 3378 promissio
977 3304 1011 3358 et
1026 3296 1216 3377 adulterium,

78 3401 148 3462 ideo
161 3399 233 3462 ninii
251 3401 349 3462 obstat
360 3400 397 3462 ad
413 3399 544 3463 validum
557 3404 775 3463 matrimonium
792 3404 873 3460 inter
881 3399 999 3461 Petrum
1016 3405 1050 3460 et
1058 3397 1217 3476 Bartamf)

166 3503 202 3579 2)
225 3501 330 3564 Petrus
359 3505 435 3566 liber
456 3505 635 3568 adulteravit
663 3521 730 3565 curn
754 3502 855 3592 Beria,
887 3519 983 3563 uxore
1006 3500 1086 3583 Cajl.;
1114 3509 1217 3582 postea

78 3613 184 3687 captus
212 3623 315 3667 amore
336 3607 483 3687 Marthae,
516 3607 592 3669 lrane
614 3605 699 3667 duxit
720 3608 915 3685 ln·urrorem;
947 3610 980 3666 at
998 3621 1072 3666 oum
1091 3604 1165 3670 haee
1187 3610 1215 3666 ei

77 3713 251 3790 apparuerit
271 3725 373 3789 exosa,
398 3714 534 3790 promisit
551 3711 656 3772 Bertae
678 3712 900 3774 matrimonium
924 3713 996 3788 post
1013 3713 1140 3770 muman
1154 3707 1216 3789 Gadi

106 3897 128 3960 ¹)
145 3895 268 3947 Thesaur.
286 3895 361 3947 resol.
381 3894 464 3946 Causa
482 3894 609 3952 uisenda.
627 3903 686 3950 tom.
705 3893 749 3946 lll-
768 3911 794 3960 p.
810 3893 875 3958 366,
893 3893 952 3945 370.

105 3983 128 4050 ²)
146 3980 227 4033 Casus
245 3979 387 4035 Consmmt.
405 3979 500 4032 Bened.
519 3980 584 4034 xiv,
602 3980 654 4033 rol.
672 3980 695 4033 i.
714 3995 771 4048 pag.
790 3981 832 4030 87.
873 4055 877 4064 1
