2746 4646
260 241 298 294 lle
313 235 501 311 impedimenti!
517 195 703 293 uuintoniam
721 233 902 292 dirimentrbdt.
1108 214 1170 287 ¹13

35 399 152 464 tandem
173 405 206 464 in
229 397 364 463 conmlio
388 399 534 462 Toletano
557 417 584 463 a.
607 395 668 462 531
693 415 748 479 pro
771 393 916 479 llispania
924 393 950 472 ¹)
972 391 1004 456 ct
1030 397 1064 457 in
1087 393 1171 457 con-

35 503 105 566 cibo
126 503 262 568 Romano
284 521 311 565 a.
335 499 396 566 721
421 502 477 565 sub
500 501 626 586 Gregor.
651 501 687 562 ii.
709 497 742 566 S.
765 497 832 578 l’.⁴)
862 498 1045 562 declaratum
1067 496 1169 576 iacnt,

34 623 89 686 pro
110 611 250 670 umrersa
270 604 406 670 Ecclesia
427 604 486 669 boc
506 605 755 686 impedimentum
786 605 1058 687 consanguinitatis
1080 606 1171 664 etiarn

33 713 65 769 in
88 709 167 772 linea
189 709 353 772 collaterali
382 713 415 770 in
438 725 627 790 quocumque
656 708 752 792 gradu
774 709 995 768 matrimonium
1017 704 1170 782 dirimere,

34 811 114 892 quod
135 815 289 876 tamenin
311 816 396 892 praxi
419 812 595 894 plerumque
618 811 656 874 ad
679 812 838 892 septimum
851 807 977 892 gradum
999 811 1171 871 restrictum

34 921 108 992 erat,
132 921 202 998 quia
223 915 350 980 ulterius
372 934 427 998 per
448 933 549 976 rerum
566 919 701 978 naturam
724 929 781 977 nce
803 916 925 974 nomina
941 915 1091 991 invenire,
1115 927 1173 973 nec

33 1023 96 1082 vita
116 1019 347 1083 succedentibus
368 1022 527 1103 prorogari
550 1014 693 1099 potest²).
728 1016 854 1081 Saeculo
876 1015 1036 1078 undecimo
1057 1019 1090 1076 in
1112 1014 1173 1076 du-

33 1121 114 1184 bium
137 1128 183 1184 cst
203 1127 396 1202 revocatum,
429 1141 501 1185 num
523 1126 639 1202 septem
662 1118 773 1204 gradus
795 1116 984 1200 computandi
1007 1121 1068 1180 sint
1085 1118 1173 1200 junia

32 1225 131 1308 legem
162 1225 301 1304 civilem,
336 1243 374 1288 an
397 1229 591 1302 canonicam,
623 1230 656 1286 ut
687 1228 767 1305 petet
796 1239 836 1285 err
866 1221 1012 1303 opusculo
1041 1219 1070 1282 b.
1093 1217 1173 1282 Petri

32 1327 185 1406 Dandani,
219 1328 298 1406 quod
333 1329 507 1392 inscribitur
533 1329 594 1406 „de
618 1327 799 1409 parentelae
828 1324 1015 1406 prudibw
1047 1326 1079 1384 in
1109 1339 1170 1403 quo

32 1428 99 1492 inse
121 1435 225 1492 eontra
248 1429 392 1511 quosdam
411 1432 490 1513 juris
512 1435 627 1510 peritos
649 1429 820 1506 contendit,
848 1429 960 1513 gradus
982 1431 1173 1510 consangui-

31 1536 134 1594 nitatis
153 1537 187 1594 in
208 1533 288 1596 linea
317 1533 483 1596 collaterali
511 1533 727 1615 computandos
757 1549 825 1597 esse
845 1533 931 1616 juxta
961 1549 1051 1612 supra
1074 1531 1172 1593 datam
1217 1595 1224 1608 ,

31 1639 285 1716 computationem
315 1641 507 1716 canonicam,
538 1637 721 1719 approbante
747 1635 921 1701 alexandro
949 1633 989 1698 ii.
1018 1639 1051 1695 in
1081 1632 1172 1696 Cone.

28 1738 155 1802 Roman.
181 1735 309 1818 106425.
354 1739 387 1804 ln
411 1741 546 1804 Concilio
568 1739 689 1804 tandem
711 1740 905 1804 lateranensi
922 1732 970 1802 lv.
995 1735 1087 1816 1215,
1112 1735 1172 1799 boe

27 1842 274 1922 impedimentum
309 1849 482 1907 restrictum
515 1842 573 1905 fuit
605 1843 642 1907 ab
673 1843 849 1906 innocentio
878 1841 927 1906 lll.
957 1841 995 1906 ad
1034 1845 1173 1922 quartum

29 1945 168 2028 gradum,
189 1947 276 2027 juxta
298 1947 329 2012 S.
353 1947 496 2010 'lbomam
519 1965 559 2009 ex
580 1946 692 2026 duplici
714 1963 814 2022 causa,
838 1944 981 2008 uidelicet
1003 1947 1073 2026 quia
1095 1943 1174 2005 ultra

27 2050 138 2112 inatile
160 2054 191 2110 et
213 2049 415 2130 periculosum
439 2055 503 2112 erat
525 2049 636 2133 gradus
658 2055 839 2113 remotiores
862 2047 1036 2130 probibere3
1065 2045 1175 2109 maille

29 2152 164 2234 quidem,
188 2156 257 2232 quia
279 2152 315 2215 ad
338 2157 520 2216 remotiores
542 2156 788 2236 consanguineos
810 2157 896 2235 qnasi
925 2151 1038 2213 nullum
1062 2147 1171 2211 loedire

29 2257 155 2337 majonis
186 2259 350 2335 amicitiae,
383 2271 471 2335 quam
500 2255 536 2319 ad
568 2261 731 2319 extraneos
753 2253 933 2334 habebatur,
966 2243 1112 2316 charitate
1142 2255 1196 2312 in.

29 2360 195 2421 multorum
228 2358 368 2422 cordibus
398 2359 581 2442 frigescente
588 2377 597 2435 ;
629 2360 833 2439 periculosum
858 2363 962 2422 autem
990 2363 1073 2437 erat,
1106 2358 1176 2435 quia

29 2465 278 2541 concupiscentia
300 2468 331 2526 et
354 2463 539 2547 negligentia
562 2462 773 2544 praevalente,
796 2469 856 2526 tam
879 2477 1072 2526 numerosam
1095 2474 1174 2520 con-

28 2568 270 2648 sanguineorum
293 2566 515 2630 multitudinem
537 2567 676 2630 homines
697 2573 758 2629 non
789 2571 863 2630 satie
895 2546 1110 2628 observabant:
1148 2564 1179 2620 et

28 2673 75 2730 sic
98 2669 226 2750 laqueus
256 2667 456 2733 damnationis
485 2671 586 2733 multis
607 2668 801 2752 injiciebatur
823 2685 863 2730 ex
885 2669 1081 2730 remotiorum
1104 2680 1179 2748 gra·

28 2771 124 2834 duum
147 2769 351 2852 prohibitione
360 2767 400 2852 ⁴).
424 2771 502 2838 Satis
513 2775 604 2836 etiam
623 2775 840 2836 convenienter
857 2785 954 2853 usque
978 2769 1015 2833 ad
1032 2772 1178 2850 poemeni

30 2962 242 2974 *ια’-

54 3087 77 3154 ¹)
98 3079 267 3152 ,Septimum
292 3101 324 3138 nc
347 3088 405 3156 quie
430 3085 556 3154 bdelium,
585 3087 782 3157 propinquorum
811 3085 939 3154 unguinis
961 3083 1014 3149 eui,
1047 3083 1179 3155 mqaeqrm
1222 3067 1229 3077 ’

99 3174 232 3225 affinitatis
258 3174 411 3225 lineamenta
434 3174 535 3242 generis
553 3175 714 3226 succensione
735 3175 880 3243 cognoscit,
906 3173 933 3223 in
951 3171 1112 3222 matrimonio
1130 3168 1178 3222 aila

99 3259 229 3310 desideret
247 3253 389 3328 copulari‘.

56 3347 80 3412 ¹)
100 3345 203 3414 Siquis
222 3345 254 3396 de
267 3348 370 3413 propria
389 3347 540 3416 cognatione
558 3331 599 3400 xvel
618 3361 692 3415 quam
707 3353 829 3416 cognatur
841 3338 937 3410 babuit,
955 3341 1054 3398 duxerit
1065 3355 1179 3410 uxorem,

98 3448 124 3484 a.
142 3449 164 3484 a.
183 3443 240 3484 can.
258 3431 282 3482 9.
301 3431 399 3502 Knopp.
418 3447 444 3500 p.
464 3431 523 3486 163.

53 3519 67 3584 )
87 3515 170 3570 Gaas.
190 3517 232 3570 db.
251 3525 349 3586 quaeat.
369 3517 393 3570 5.
414 3533 471 3570 can.
490 3520 514 3571 6.
532 3519 557 3586 s.
575 3519 600 3571 7.

52 3601 178 3670 acam.
196 3603 238 3656 35.
263 3611 360 3672 quaest.
379 3603 403 3656 t.
417 3619 442 3662 c.
462 3605 486 3656 2.
527 3603 599 3670 „llli,
623 3603 667 3674 qui
693 3603 786 3676 gradus
811 3601 1035 3674 consanguinitatis
1062 3599 1179 3667 adjerit

98 3689 185 3742 civilis
202 3701 318 3741 normam
335 3689 511 3754 numerabant,
529 3693 672 3742 incestuosi
686 3689 856 3755 vocabantur,
875 3695 963 3741 contra
976 3687 1023 3742 bor
1042 3687 1181 3740 doctrinam

99 3777 253 3828 canonicam
271 3775 409 3828 defendunt
426 3771 528 3828 bacili.
546 3777 572 3828 iu
590 3775 662 3829 Rom.
680 3775 699 3828 i.
718 3783 743 3828 et
759 3771 896 3828 libamene'.
914 3771 1042 3838 nicotii,
1061 3771 1134 3826 Alex.
1147 3771 1181 3825 ii.

98 3865 128 3914 in
148 3861 228 3916 Cone.
246 3862 320 3914 Rom.
340 3862 416 3928 iota,
435 3865 582 3932 praesertim
600 3865 625 3914 in
643 3863 715 3914 iloni.
736 3862 827 3916 low.
867 3851 1046 3915 anconitani.
1066 3858 1125 3913 aad.

55 3945 80 4014 ⁴)
100 3947 150 4015 „ln
170 3947 334 4001 bominem
350 3950 497 4001 remotiores
514 3949 609 4018 giadirs
627 3940 764 4016 praecipue
782 3945 989 4018 probibebantar,
1008 3955 1035 4000 ut
1052 3945 1084 3999 ad
1096 3946 1182 4015 planca

99 4051 149 4103 per
168 4037 420 4104 conranguinitatem
439 4033 746 4088 etailrnitatemuaturalie
765 4030 875 4088 amicilia
885 4015 1076 4102 pronontiata*
1095 4023 1182 4100 Suppb
